<?xml version="1.0" encoding="UTF-8" ?><OAI-PMH xmlns="http://www.openarchives.org/OAI/2.0/" xmlns:xsi="http://www.w3.org/2001/XMLSchema-instance" xsi:schemaLocation="http://www.openarchives.org/OAI/2.0/
http://www.openarchives.org/OAI/2.0/OAI-PMH.xsd"><responseDate>2015-03-31T19:11:07Z</responseDate><request verb="ListRecords" metadataPrefix="marc21" set="LBI_periodicals">http://digital.cjh.org/OAI-PUB</request><ListRecords><record><header><identifier>oai:digital.cjh.org:1936813</identifier><datestamp>2015-03-10T18:40:43Z</datestamp><setSpec>LBI_periodicals</setSpec></header><metadata>
<record xmlns="http://www.loc.gov/MARC21/slim" xmlns:xsi="http://www.w3.org/2001/XMLSchema-instance" xsi:schemaLocation="http://www.loc.gov/MARC21/slim http://www.loc.gov/standards/marcxml/schema/MARC21slim.xsd">
<leader>02740nas a2200481 a 4500</leader>
<controlfield tag="FMT">SE</controlfield>
<controlfield tag="001">000157684</controlfield>
<controlfield tag="005">20130401122003.0</controlfield>
<controlfield tag="008">080523d19249999gw uu p s     0    0ger d</controlfield>
<datafield ind1=" " ind2=" " tag="040">
<subfield code="a">NNLBI</subfield>
</datafield>
<datafield ind1="0" ind2=" " tag="041">
<subfield code="a">ger</subfield>
</datafield>
<datafield ind1=" " ind2=" " tag="050">
<subfield code="a">DS 149 H34 A12</subfield>
</datafield>
<datafield ind1="2" ind2=" " tag="110">
<subfield code="a">Hechaluz (Organization : Germany)</subfield>
</datafield>
<datafield ind1="1" ind2="0" tag="245">
<subfield code="a">Monatsschrift des Hechaluz, deutscher Landesverband.</subfield>
</datafield>
<datafield ind1="1" ind2="0" tag="246">
<subfield code="a">Hechaluz : Monatsschrift des "Hechaluz," deutscher Landesverband</subfield>
</datafield>
<datafield ind1=" " ind2=" " tag="260">
<subfield code="a">Berlin :</subfield>
<subfield code="b">Merkas des deutschen Landesverbandes Hechaluz,</subfield>
<subfield code="c">1924-.</subfield>
</datafield>
<datafield ind1=" " ind2=" " tag="300">
<subfield code="a">1 online resource (2 volumes) : illustrations</subfield>
</datafield>
<datafield ind1="0" ind2=" " tag="362">
<subfield code="a">Jahrg. 1, Heft 1 (Sept. 1924)-</subfield>
</datafield>
<datafield ind1="1" ind2=" " tag="362">
<subfield code="a">Ceased publication.</subfield>
</datafield>
<datafield ind1=" " ind2=" " tag="500">
<subfield code="a">Description based on: Jahrg. 1, Heft 1 (September 1924); cover title.</subfield>
</datafield>
<datafield ind1=" " ind2=" " tag="500">
<subfield code="a">Latest issue consulted: Jahrg. 2, Heft 2 (Februar 1925).</subfield>
</datafield>
<datafield ind1=" " ind2=" " tag="500">
<subfield code="a">Jahrg. 2, Heft 2 (Feb. 1925) has the additional cover title: Konferenz-Nummer; and the additional title-page title: Die dritte Jahreskonferenz des "Hechaluz," Deutscher Landesverband tagt vom 28. Februar bis zum 2. März 1925 zu Berlin.</subfield>
</datafield>
<datafield ind1=" " ind2=" " tag="520">
<subfield code="a">The monthly newsletter of the Hechalutz organization in Germany, a Zionist youth group. Many Hechalutz associations formed around the turn of the 20th century in Europe and worldwide with the aim to train its members to settle in the Land of Israel. (Wikipedia, accessed 3/4/2013)</subfield>
</datafield>
<datafield ind1=" " ind2=" " tag="541">
<subfield code="e">041156 v. 1, Heft 1 and 2</subfield>
</datafield>
<datafield ind1=" " ind2=" " tag="546">
<subfield code="a">German</subfield>
</datafield>
<datafield ind1=" " ind2=" " tag="583">
<subfield code="a">Recataloging - edited record for microfilming, added one issue: Jg. 2, Heft 2 (Februar 1925) from B873</subfield>
<subfield code="c">20130130</subfield>
<subfield code="k">tb</subfield>
</datafield>
<datafield ind1=" " ind2=" " tag="583">
<subfield code="a">edited bib. record (300, 506, PRS field), linked to microfilm record</subfield>
<subfield code="c">20130401</subfield>
<subfield code="k">TC</subfield>
</datafield>
<datafield ind1=" " ind2=" " tag="590">
<subfield code="a">1/30/2013 (tb) Jahrg. 2, Heft 2 (Februar 1925) was originally bound with B873 Jüdische Jugendblätter : Organ für Jugend- und Chaluzbewegung. To make B873 easier to microfilm and digitize, I detached it from the Jüd. Jugendblätter.</subfield>
</datafield>
<datafield ind1=" " ind2=" " tag="541">
<subfield code="a">Leo Baeck Institute Library</subfield>
<subfield code="d">20130130</subfield>
<subfield code="e">20130225</subfield>
</datafield>
<datafield ind1=" " ind2=" " tag="590">
<subfield code="a">20130130</subfield>
<subfield code="e">LBILD-20130225</subfield>
</datafield>
<datafield ind1="2" ind2="0" tag="610">
<subfield code="a">Hechaluz (Organization : Germany)</subfield>
<subfield code="v">Periodicals.</subfield>
</datafield>
<datafield ind1=" " ind2="0" tag="650">
<subfield code="a">Zionism</subfield>
<subfield code="z">Germany</subfield>
<subfield code="v">Periodicals.</subfield>
</datafield>
<datafield ind1=" " ind2="0" tag="650">
<subfield code="a">Jewish periodicals</subfield>
<subfield code="5">LBI</subfield>
</datafield>
<datafield ind1=" " ind2="0" tag="650">
<subfield code="a">German-language periodicals</subfield>
<subfield code="5">CJH</subfield>
</datafield>
<datafield ind1=" " ind2="0" tag="650">
<subfield code="a">Periodicals</subfield>
<subfield code="z">Germany</subfield>
<subfield code="z">Berlin.</subfield>
</datafield>
<datafield ind1=" " ind2="7" tag="655">
<subfield code="a">Periodicals</subfield>
<subfield code="2">cjh</subfield>
</datafield>
<datafield ind1=" " ind2="7" tag="655">
<subfield code="a">Newsletters</subfield>
<subfield code="2">cjh</subfield>
</datafield>
<datafield ind1="0" ind2=" " tag="740">
<subfield code="a">Dritte Jahreskonferenz des "Hechaluz," Deutscher Landesverband tagt vom 28. Februar bis zum 2. März 1925 zu Berlin</subfield>
</datafield>
<datafield ind1=" " ind2=" " tag="852">
<subfield code="a">Leo Baeck Institute</subfield>
<subfield code="b">LBI Library</subfield>
<subfield code="e">15 West 16th Street, New York, N.Y. 10011</subfield>
<subfield code="h">DS 149 H34 A12</subfield>
</datafield>
<datafield ind1=" " ind2=" " tag="094">
<subfield code="a">DS 149 H34 A12</subfield>
</datafield>
<datafield ind2=" " ind1=" " tag="856"><subfield code="u">http://digital.cjh.org/webclient/DeliveryManager?pid=1936813&amp;custom_att_2=simple_viewer</subfield></datafield><datafield ind2=" " ind1=" " tag="856"><subfield code="x">
				http://digital.cjh.org/webclient/DeliveryManager?pid=1936814</subfield></datafield></record></metadata></record>