<record><header><identifier>oai:digital.cjh.org:1937183</identifier><datestamp>2015-03-10T18:40:43Z</datestamp><setSpec>LBI_periodicals</setSpec></header><metadata>
<record xmlns="http://www.loc.gov/MARC21/slim" xmlns:xsi="http://www.w3.org/2001/XMLSchema-instance" xsi:schemaLocation="http://www.loc.gov/MARC21/slim http://www.loc.gov/standards/marcxml/schema/MARC21slim.xsd">
<leader>04985nas a2200649 a 4500</leader>
<controlfield tag="FMT">SE</controlfield>
<controlfield tag="001">000280017</controlfield>
<controlfield tag="005">20130902190819.0</controlfield>
<controlfield tag="008">060206d19391940cc dr p s     0    0ger d</controlfield>
<datafield ind1=" " ind2=" " tag="040">
<subfield code="a">NNLBI</subfield>
</datafield>
<datafield ind1="0" ind2=" " tag="041">
<subfield code="a">ger</subfield>
</datafield>
<datafield ind1=" " ind2=" " tag="050">
<subfield code="a">DS 701 G45</subfield>
</datafield>
<datafield ind1="1" ind2="0" tag="245">
<subfield code="a">Gelbe Post : ostasiatische Halbmonatsschrift.</subfield>
</datafield>
<datafield ind1="1" ind2="3" tag="246">
<subfield code="a">Gelbe Post : ostasiatische illustrierte Halbmonatsschrift</subfield>
</datafield>
<datafield ind1="1" ind2="3" tag="246">
<subfield code="a">Gelbe Post : Shanghaier Zeitung</subfield>
<subfield code="f">&lt; Jahrgang 1 (Dez. 1939)-Jahrgang 2 (Mai 1940) &gt;</subfield>
</datafield>
<datafield ind1=" " ind2=" " tag="260">
<subfield code="a">Shanghai :</subfield>
<subfield code="b">Eigentümer, Herausgeber, Schriftleiter: A.J. Storfer,</subfield>
<subfield code="c">1939-1940.</subfield>
</datafield>
<datafield ind1=" " ind2=" " tag="300">
<subfield code="a">1 online resource (volumes) : illustrations, map, portraits</subfield>
</datafield>
<datafield ind1=" " ind2=" " tag="310">
<subfield code="a">Daily,</subfield>
<subfield code="b">&lt; Jahrgang 2 (Mai 1940) &gt;</subfield>
</datafield>
<datafield ind1=" " ind2=" " tag="321">
<subfield code="a">Twice a week,</subfield>
<subfield code="b">&lt; Jahrgang 2 (Jan. 1940) &gt;</subfield>
</datafield>
<datafield ind1=" " ind2=" " tag="321">
<subfield code="a">Once a week,</subfield>
<subfield code="b">&lt; Jahrgang 1 (Dez. 1939) &gt;</subfield>
</datafield>
<datafield ind1=" " ind2=" " tag="321">
<subfield code="a">Every two weeks,</subfield>
<subfield code="b">Jahrgang 1 (1939)</subfield>
</datafield>
<datafield ind1="0" ind2=" " tag="362">
<subfield code="a">Jahrgang 1, Nr. 1 (May 1, 1939)-[Jahrgang 2 (Juni 1940)?].</subfield>
</datafield>
<datafield ind1=" " ind2=" " tag="500">
<subfield code="a">Editor: A. J. Storfer.</subfield>
</datafield>
<datafield ind1=" " ind2=" " tag="520">
<subfield code="a">The "Gelbe Post: Ostasiatische Halbmonatsschrift" (Yellow post: East Asian Semimonthly) was published by Adolf Josef Storfer while he was living in exile in Shanghai during the period of National Socialism. Prior to Storfer's exile, he was active in Vienna's psychoanalytic community. He was a student of Freud's and eventually edited Freud's collected works with Anna Freud. He also edited psychoanalytical journals and was the managing director of the Internationaler Psychoanalytischer Verlag. He began publishing "Gelbe Post" approximately a year after his arrival in Shanghai in 1938. The introduction of the first issue of â"Gelbe Post" indicated the title "Gelbe Post" (yellow post) wasn't meant to have any deeper meaning beyond its association with the black print on the yellow cover; the publisher chose the journal's title because he originally used the colors yellow and black for his previous publications in Europe and felt these colors were a favorable combination for the eye. "Gelbe Post" was meant to have neutral content. Its articles covered cultural life in China, Korea and Japan. Although the "Gelbe Post's" intention was to circulate worldwide to readers interested in East Asian customs and ways of life, there were many articles specifically relevant to Jewish emigrants living Shanghai.</subfield>
<subfield code="b">(Source: Röder, Werner, et al. Biographisches Handbuch der deutschsprachigen Emigration nach 1933. München : Saur, 1980-1983. Vol. 2 (1983) p. 565)</subfield>
</datafield>
<datafield ind1=" " ind2=" " tag="541">
<subfield code="a">AR 7199 David Ludwig Bloch Collection S4714 Box 1, Folder 8</subfield>
</datafield>
<datafield ind1=" " ind2=" " tag="546">
<subfield code="a">German</subfield>
</datafield>
<datafield ind1=" " ind2=" " tag="583">
<subfield code="a">Recataloging - deleted holdings information from 094; added SH's and languages; updated item and HOL records</subfield>
<subfield code="c">20091222</subfield>
<subfield code="k">dw</subfield>
</datafield>
<datafield ind1=" " ind2=" " tag="590">
<subfield code="a">20081016</subfield>
<subfield code="b">RH</subfield>
<subfield code="e">LBILD-20084055</subfield>
</datafield>
<datafield ind1=" " ind2=" " tag="500">
<subfield code="a">"Gelbe Post" was originally published in Shanghai as a semi-monthly periodical May-Juli. 1939. Issue 7 was published in Nov. 1939. Then the item was reissued in a single volume in late 1939 or early 1940. It eventually continued as a daily newspaper during its second year of publication, although its publication frequency varied after November 1939.</subfield>
</datafield>
<datafield ind1=" " ind2=" " tag="500">
<subfield code="a">The date "Gelbe Post" ceased publication is unclear. Sources indicate it ceased publication sometime between June and September 1940.</subfield>
</datafield>
<datafield ind1=" " ind2=" " tag="500">
<subfield code="a">LBI Library has both loose issues and the reissued bound volume.</subfield>
</datafield>
<datafield ind1=" " ind2=" " tag="500">
<subfield code="a">May-Nov. 1, 1939 have a Chinese title.</subfield>
</datafield>
<datafield ind1=" " ind2=" " tag="500">
<subfield code="a">The reissued bound volume has the cover title: Gelbe Post : ostasiatische illustrierte Halbmonatsschrift.</subfield>
</datafield>
<datafield ind1=" " ind2=" " tag="500">
<subfield code="a">Later issues have the subtitle: Shanghaier Zeitung.</subfield>
</datafield>
<datafield ind1=" " ind2=" " tag="500">
<subfield code="a">Description based on: Jahrgang 1, Nr. 1 (May 1, 1939); title from masthead.</subfield>
</datafield>
<datafield ind1=" " ind2=" " tag="500">
<subfield code="a">Latest issue consulted: Jahrgang 2, Nr. 78 (5. Mai 1940).</subfield>
</datafield>
<datafield ind1="2" ind2=" " tag="510">
<subfield code="a">Maas, Lieselotte. Handbuch der deutschen Exilpresse, 1933-1945. Wien: Carl Hanser Verlag, 1976.</subfield>
<subfield code="b">volume 1, page 273.</subfield>
</datafield>
<datafield ind1=" " ind2=" " tag="541">
<subfield code="e">046418</subfield>
</datafield>
<datafield ind1=" " ind2=" " tag="583">
<subfield code="a">Recataloging - edited record for digitization. Added additional volumes of Gelbe Post.</subfield>
<subfield code="c">20130415</subfield>
<subfield code="k">tb</subfield>
</datafield>
<datafield ind1=" " ind2=" " tag="541">
<subfield code="a">LBI Archives</subfield>
<subfield code="d">20081016</subfield>
<subfield code="e">20084055</subfield>
</datafield>
<datafield ind1=" " ind2="0" tag="650">
<subfield code="a">Germans</subfield>
<subfield code="z">China</subfield>
<subfield code="v">Periodicals.</subfield>
</datafield>
<datafield ind1=" " ind2="0" tag="651">
<subfield code="a">China</subfield>
<subfield code="v">Periodicals.</subfield>
</datafield>
<datafield ind1=" " ind2="0" tag="651">
<subfield code="a">East Asia</subfield>
<subfield code="v">Periodicals.</subfield>
</datafield>
<datafield ind1=" " ind2="0" tag="650">
<subfield code="a">Austrians</subfield>
<subfield code="z">China</subfield>
<subfield code="v">Periodicals.</subfield>
</datafield>
<datafield ind1=" " ind2="0" tag="650">
<subfield code="a">German-language periodicals</subfield>
<subfield code="5">CJH</subfield>
</datafield>
<datafield ind1=" " ind2="0" tag="650">
<subfield code="a">Jewish periodicals.</subfield>
</datafield>
<datafield ind1=" " ind2="0" tag="650">
<subfield code="a">Periodicals</subfield>
<subfield code="z">China</subfield>
</datafield>
<datafield ind1=" " ind2="0" tag="650">
<subfield code="a">Periodicals</subfield>
<subfield code="z">China</subfield>
<subfield code="z">Shanghai</subfield>
</datafield>
<datafield ind1=" " ind2="0" tag="650">
<subfield code="a">Exiles</subfield>
<subfield code="v">Periodicals.</subfield>
</datafield>
<datafield ind1=" " ind2="7" tag="655">
<subfield code="a">Periodicals</subfield>
<subfield code="2">cjh</subfield>
</datafield>
<datafield ind1=" " ind2="7" tag="655">
<subfield code="a">Magazines (Periodicals)</subfield>
<subfield code="2">cjh</subfield>
</datafield>
<datafield ind1="1" ind2=" " tag="700">
<subfield code="a">Storfer, A. J.</subfield>
<subfield code="q">(Adolf Josef),</subfield>
<subfield code="d">1888-1945</subfield>
</datafield>
<datafield ind1=" " ind2=" " tag="852">
<subfield code="a">Leo Baeck Institute</subfield>
<subfield code="b">LBI Library</subfield>
<subfield code="e">15 West 16th Street, New York, N.Y. 10011</subfield>
<subfield code="h">B858</subfield>
</datafield>
<datafield ind1=" " ind2=" " tag="094">
<subfield code="a">B858</subfield>
</datafield>
<datafield ind1=" " ind2=" " tag="336">
<subfield code="a">text</subfield>
<subfield code="2">rdacontent</subfield>
</datafield>
<datafield ind1=" " ind2=" " tag="337">
<subfield code="a">computer</subfield>
<subfield code="2">rdamedia</subfield>
</datafield>
<datafield ind1=" " ind2=" " tag="338">
<subfield code="a">online resource</subfield>
<subfield code="2">rdacarrier</subfield>
</datafield>
<datafield ind2=" " ind1=" " tag="856"><subfield code="u">http://digital.cjh.org/webclient/DeliveryManager?pid=1937183&amp;custom_att_2=simple_viewer</subfield></datafield><datafield ind2=" " ind1=" " tag="856"><subfield code="x">
				http://digital.cjh.org/webclient/DeliveryManager?pid=1937182</subfield></datafield></record></metadata></record>