<record><header><identifier>oai:digital.cjh.org:1953577</identifier><datestamp>2015-03-10T18:40:43Z</datestamp><setSpec>LBI_periodicals</setSpec></header><metadata>
<record xmlns="http://www.loc.gov/MARC21/slim" xmlns:xsi="http://www.w3.org/2001/XMLSchema-instance" xsi:schemaLocation="http://www.loc.gov/MARC21/slim http://www.loc.gov/standards/marcxml/schema/MARC21slim.xsd">
<leader>03115nas a2200709 a 4500</leader>
<controlfield tag="FMT">SE</controlfield>
<controlfield tag="001">000280314</controlfield>
<controlfield tag="005">20131104181329.0</controlfield>
<controlfield tag="008">060206c19609999nyuuu p s     0    0eng d</controlfield>
<datafield ind1=" " ind2=" " tag="037">
<subfield code="b">LBI administration</subfield>
</datafield>
<datafield ind1=" " ind2=" " tag="040">
<subfield code="a">NNLBI</subfield>
</datafield>
<datafield ind1="0" ind2=" " tag="041">
<subfield code="a">eng</subfield>
</datafield>
<datafield ind1=" " ind2=" " tag="050">
<subfield code="a">DS 135 G3 A12 L455</subfield>
</datafield>
<datafield ind1="2" ind2=" " tag="110">
<subfield code="a">Leo Baeck Institute</subfield>
</datafield>
<datafield ind1="1" ind2="0" tag="245">
<subfield code="a">LBI News.</subfield>
</datafield>
<datafield ind1="3" ind2="3" tag="246">
<subfield code="a">Leo Baeck Institute News</subfield>
</datafield>
<datafield ind1="3" ind2="3" tag="246">
<subfield code="a">News / Leo Baeck Institute</subfield>
</datafield>
<datafield ind1=" " ind2=" " tag="260">
<subfield code="a">New York :</subfield>
<subfield code="b">Leo Baeck Institute,</subfield>
<subfield code="c">1960-.</subfield>
</datafield>
<datafield ind1=" " ind2=" " tag="300">
<subfield code="a">1 online resource (volumes : illustrations, portraits, facsimiles)</subfield>
</datafield>
<datafield ind1=" " ind2=" " tag="310">
<subfield code="a">Annual</subfield>
<subfield code="b">2005-</subfield>
</datafield>
<datafield ind1="0" ind2=" " tag="362">
<subfield code="a">Vol. 1, No. 1 (June 1960)-v. 20, no. 38 (Summer 1979) ; No. 39 (Winter 1980)-</subfield>
</datafield>
<datafield ind1=" " ind2=" " tag="500">
<subfield code="a">Title from cover.</subfield>
</datafield>
<datafield ind1=" " ind2=" " tag="500">
<subfield code="a">Publication frequency varies from annual to twice a year. Originally published twice a year.</subfield>
</datafield>
<datafield ind1=" " ind2=" " tag="500">
<subfield code="a">Issue Winter 2013 does not have the title "LBI News."</subfield>
</datafield>
<datafield ind1=" " ind2=" " tag="515">
<subfield code="a">Numbering varies. After 1979 issues recorded in numbers instead of volumes.</subfield>
</datafield>
<datafield ind1=" " ind2=" " tag="515">
<subfield code="a">None printed for the years 1992 and 1994.</subfield>
</datafield>
<datafield ind1=" " ind2=" " tag="546">
<subfield code="a">English</subfield>
</datafield>
<datafield ind1=" " ind2=" " tag="530">
<subfield code="a">1960-1996 also available on microfilm. LBI Library call number C135</subfield>
</datafield>
<datafield ind1="2" ind2="0" tag="610">
<subfield code="a">Leo Baeck Institute.</subfield>
</datafield>
<datafield ind1=" " ind2="0" tag="650">
<subfield code="a">Jews</subfield>
<subfield code="z">United States</subfield>
<subfield code="v">Periodicals</subfield>
<subfield code="5">LBI</subfield>
</datafield>
<datafield ind1=" " ind2="0" tag="650">
<subfield code="a">Jews, German</subfield>
<subfield code="z">United States</subfield>
<subfield code="v">Periodicals</subfield>
<subfield code="5">LBI</subfield>
</datafield>
<datafield ind1=" " ind2="0" tag="650">
<subfield code="a">Jewish periodicals</subfield>
<subfield code="5">LBI</subfield>
</datafield>
<datafield ind1=" " ind2="0" tag="650">
<subfield code="a">English-language periodicals</subfield>
<subfield code="5">CJH</subfield>
</datafield>
<datafield ind1=" " ind2="0" tag="655">
<subfield code="a">Periodicals</subfield>
<subfield code="z">United States.</subfield>
<subfield code="5">LBI</subfield>
</datafield>
<datafield ind1=" " ind2="0" tag="650">
<subfield code="a">Periodicals</subfield>
<subfield code="z">New York (State)</subfield>
<subfield code="z">New York</subfield>
<subfield code="5">LBI</subfield>
</datafield>
<datafield ind1=" " ind2="7" tag="655">
<subfield code="a">Periodicals</subfield>
<subfield code="2">cjh</subfield>
</datafield>
<datafield ind1=" " ind2="7" tag="655">
<subfield code="a">Newsletters</subfield>
<subfield code="2">cjh</subfield>
</datafield>
<datafield ind1=" " ind2=" " tag="852">
<subfield code="a">Leo Baeck Institute</subfield>
<subfield code="b">LBI Library</subfield>
<subfield code="e">15 West 16th Street, New York, NY 10011</subfield>
<subfield code="h">C135</subfield>
</datafield>
<datafield ind1=" " ind2=" " tag="336">
<subfield code="a">text</subfield>
<subfield code="2">rdacontent</subfield>
</datafield>
<datafield ind1=" " ind2=" " tag="337">
<subfield code="a">computer</subfield>
<subfield code="2">rdamedia</subfield>
</datafield>
<datafield ind1=" " ind2=" " tag="338">
<subfield code="a">online resource</subfield>
<subfield code="2">rdacarrier</subfield>
</datafield>
<datafield ind1=" " ind2=" " tag="094">
<subfield code="a">C135</subfield>
</datafield>
<datafield ind1=" " ind2=" " tag="SID">
<subfield code="a">Z39</subfield>
<subfield code="b">ALEPH_Z39</subfield>
</datafield>
<datafield ind2=" " ind1=" " tag="856"><subfield code="u">http://digital.cjh.org/webclient/DeliveryManager?pid=1953577&amp;custom_att_2=simple_viewer</subfield></datafield><datafield ind2=" " ind1=" " tag="856"><subfield code="x">
				http://digital.cjh.org/webclient/DeliveryManager?pid=1953578</subfield></datafield></record></metadata></record>