<record><header><identifier>oai:digital.cjh.org:1954009</identifier><datestamp>2015-03-10T18:40:43Z</datestamp><setSpec>LBI_periodicals</setSpec></header><metadata>
<record xmlns="http://www.loc.gov/MARC21/slim" xmlns:xsi="http://www.w3.org/2001/XMLSchema-instance" xsi:schemaLocation="http://www.loc.gov/MARC21/slim http://www.loc.gov/standards/marcxml/schema/MARC21slim.xsd">
<leader>02618nas a2200529 a 4500</leader>
<controlfield tag="FMT">SE</controlfield>
<controlfield tag="001">000454119</controlfield>
<controlfield tag="005">20130124072204.0</controlfield>
<controlfield tag="008">060205c19979999nyu x m s     0    0eng d</controlfield>
<datafield ind1=" " ind2=" " tag="040">
<subfield code="a">NNLBI</subfield>
</datafield>
<datafield ind1="0" ind2=" " tag="041">
<subfield code="a">eng</subfield>
</datafield>
<datafield ind1=" " ind2=" " tag="050">
<subfield code="a">DS 135 G3 A265</subfield>
</datafield>
<datafield ind1="0" ind2=" " tag="130">
<subfield code="a">Occasional paper (Leo Baeck Institute)</subfield>
</datafield>
<datafield ind1="1" ind2="0" tag="245">
<subfield code="a">LBI occasional paper.</subfield>
</datafield>
<datafield ind1="1" ind2="1" tag="246">
<subfield code="a">Leo Baeck Institute occasional paper</subfield>
</datafield>
<datafield ind1="1" ind2="3" tag="246">
<subfield code="a">LBI occasional papers</subfield>
</datafield>
<datafield ind1="1" ind2="3" tag="246">
<subfield code="a">Leo Baeck Institute occasional papers</subfield>
</datafield>
<datafield ind1="1" ind2="3" tag="246">
<subfield code="a">Occasional paper / Leo Baeck Institute</subfield>
</datafield>
<datafield ind1=" " ind2=" " tag="260">
<subfield code="a">New York :</subfield>
<subfield code="b">Leo Baeck Institute,</subfield>
<subfield code="c">1997-.</subfield>
</datafield>
<datafield ind1=" " ind2=" " tag="300">
<subfield code="a">1 online resource (&lt; no. 1-6 &gt;)</subfield>
</datafield>
<datafield ind1=" " ind2=" " tag="310">
<subfield code="a">Irregular</subfield>
</datafield>
<datafield ind1="0" ind2=" " tag="362">
<subfield code="a">No. 1 ([1997])-</subfield>
</datafield>
<datafield ind1=" " ind2=" " tag="500">
<subfield code="a">Additional copies of this series are cataloged individually in the stacks and as a set in the LBI reference collection.</subfield>
</datafield>
<datafield ind1="8" ind2=" " tag="505">
<subfield code="a">[No. 1] The language of silence : West German literature and the Holocaust / by Ernestine Schlant Bradley. - [1997]. - 15 p.</subfield>
</datafield>
<datafield ind1=" " ind2=" " tag="546">
<subfield code="a">English</subfield>
</datafield>
<datafield ind1="8" ind2=" " tag="505">
<subfield code="a">[No. 2] FDR and the Holocaust : did the president do all he could to save the European Jewry? : symposium sponsored by the Leo Baeck Institute. - 1997. - 57 p.</subfield>
</datafield>
<datafield ind1="8" ind2=" " tag="505">
<subfield code="a">[No. 3] The emigration of German Jews to America in the 19th century / by Ursula Gehring-Münzel. - 2000. - 20 p.</subfield>
</datafield>
<datafield ind1="8" ind2=" " tag="505">
<subfield code="a">[No. 4] A measure of justice : the early history of German-Jewish reparations / Menachem Z. Rosensaft and Joana D. Rosensaft. - 2003. - 28 p.</subfield>
</datafield>
<datafield ind1="8" ind2=" " tag="505">
<subfield code="a">[No. 5] Leo Baeck Institute tenth annual dinner : Fritz Stern awarded the Leo Baeck Medal by German Foreign Minister Joschka Fischer. - 2004. - 23 p.</subfield>
</datafield>
<datafield ind1="8" ind2=" " tag="505">
<subfield code="a">[No. 6] The German Foreign Office and the Nazi past (Blessing Verlag 2010) : report of the independent historians' commission / a talk by Dr. Norbert Frei. -- 2011. - 19 p.</subfield>
</datafield>
<datafield ind1=" " ind2="0" tag="650">
<subfield code="a">Jews</subfield>
<subfield code="z">Germany</subfield>
<subfield code="x">History</subfield>
<subfield code="v">Periodicals.</subfield>
</datafield>
<datafield ind1=" " ind2="0" tag="651">
<subfield code="a">Germany.</subfield>
</datafield>
<datafield ind1=" " ind2="0" tag="650">
<subfield code="a">Jewish periodicals.</subfield>
</datafield>
<datafield ind1=" " ind2="0" tag="650">
<subfield code="a">English-language periodicals</subfield>
</datafield>
<datafield ind1=" " ind2="0" tag="650">
<subfield code="a">Periodicals</subfield>
<subfield code="z">New York (State)</subfield>
<subfield code="z">New York.</subfield>
</datafield>
<datafield ind1=" " ind2="0" tag="650">
<subfield code="a">Periodicals</subfield>
<subfield code="z">United States.</subfield>
</datafield>
<datafield ind1=" " ind2="7" tag="655">
<subfield code="a">Periodicals</subfield>
<subfield code="2">cjh</subfield>
</datafield>
<datafield ind1=" " ind2="7" tag="655">
<subfield code="a">Journals (Periodicals)</subfield>
<subfield code="2">cjh</subfield>
</datafield>
<datafield ind1="2" ind2=" " tag="710">
<subfield code="a">Leo Baeck Institute.</subfield>
</datafield>
<datafield ind1=" " ind2=" " tag="852">
<subfield code="a">Leo Baeck Institute</subfield>
<subfield code="b">LBI Library</subfield>
<subfield code="e">15 West 16th Street, New York, NY 10011</subfield>
<subfield code="h">C256</subfield>
</datafield>
<datafield ind1=" " ind2=" " tag="094">
<subfield code="a">C256</subfield>
</datafield>
<datafield ind1=" " ind2=" " tag="336">
<subfield code="a">text</subfield>
<subfield code="2">rdacontent</subfield>
</datafield>
<datafield ind1=" " ind2=" " tag="337">
<subfield code="a">computer</subfield>
<subfield code="2">rdamedia</subfield>
</datafield>
<datafield ind1=" " ind2=" " tag="338">
<subfield code="a">online resource</subfield>
<subfield code="2">rdacarrier</subfield>
</datafield>
<datafield ind1=" " ind2=" " tag="952">
<subfield code="a">NNLBI</subfield>
<subfield code="b">LBIBO</subfield>
<subfield code="c">LBI</subfield>
<subfield code="h">DS 135 G3 A265</subfield>
</datafield>
<datafield ind1=" " ind2=" " tag="910">
<subfield code="c">LBI</subfield>
</datafield>
<datafield ind1=" " ind2=" " tag="SID">
<subfield code="a">Z39</subfield>
<subfield code="b">ALEPH_Z39</subfield>
</datafield>
<datafield ind2=" " ind1=" " tag="856"><subfield code="u">http://digital.cjh.org/webclient/DeliveryManager?pid=1954009&amp;custom_att_2=simple_viewer</subfield></datafield><datafield ind2=" " ind1=" " tag="856"><subfield code="x">
				http://digital.cjh.org/webclient/DeliveryManager?pid=1954010</subfield></datafield></record></metadata></record>