<record><header><identifier>oai:digital.cjh.org:2239500</identifier><datestamp>2015-03-10T18:40:43Z</datestamp><setSpec>LBI_periodicals</setSpec></header><metadata>
<record xmlns="http://www.loc.gov/MARC21/slim" xmlns:xsi="http://www.w3.org/2001/XMLSchema-instance" xsi:schemaLocation="http://www.loc.gov/MARC21/slim http://www.loc.gov/standards/marcxml/schema/MARC21slim.xsd">
<leader>04010nas a2200625 a 4500</leader>
<controlfield tag="FMT">SE</controlfield>
<controlfield tag="001">004588205</controlfield>
<controlfield tag="003">NyNyCJH</controlfield>
<controlfield tag="005">20140527111146.0</controlfield>
<controlfield tag="008">071029d19301938gw br p s     0    0ger d</controlfield>
<datafield ind1=" " ind2=" " tag="040">
<subfield code="a">NNLBI</subfield>
<subfield code="d">UtOrBLW</subfield>
</datafield>
<datafield ind1="0" ind2=" " tag="041">
<subfield code="a">ger</subfield>
</datafield>
<datafield ind1=" " ind2=" " tag="050">
<subfield code="a">HV 3193 G4 Z48</subfield>
</datafield>
<datafield ind1="2" ind2="0" tag="110">
<subfield code="a">Zentralwohlfahrtsstelle der Deutschen Juden</subfield>
</datafield>
<datafield ind1="1" ind2="0" tag="245">
<subfield code="a">Jüdische Wohlfahrtspflege und Sozialpolitik : Zeitschrift der Zentralwohlfahrtsstelle der deutschen Juden und der Hauptstelle für jüdische Wanderfürsorge und Arbeitsnachweise</subfield>
</datafield>
<datafield ind1="1" ind2="1" tag="246">
<subfield code="a">Zeitschrift der Zentralwohlfahrtsstelle der Deutschen Juden und der Abteilung Wirtschaftshilfe bei der Reichsvertretung der Juden in Deutschland</subfield>
</datafield>
<datafield ind1="1" ind2="3" tag="246">
<subfield code="a">Blätter der Zentralwohlfahrtsstelle und der Abt. Wirtschaftshilfe bei der Reichsvertretung der Juden in Deutschland.</subfield>
</datafield>
<datafield ind1=" " ind2=" " tag="300">
<subfield code="a">1 online resource (8 volumes)</subfield>
</datafield>
<datafield ind1=" " ind2=" " tag="310">
<subfield code="a">Frequency varies: bimonthly and monthly (irregular)</subfield>
</datafield>
<datafield ind1="0" ind2=" " tag="362">
<subfield code="a">Neue Folge, Jahrgang 1 (1930)-Neue Folge, Jahrgang 8, Heft 5 (Oktober 1938).</subfield>
</datafield>
<datafield ind1=" " ind2=" " tag="546">
<subfield code="a">German</subfield>
</datafield>
<datafield ind1=" " ind2=" " tag="500">
<subfield code="a">Issued by: Zentralwohlfahrtsstelle der Deutschen Juden, and: Abteilung Wirtschaftshilfe bei der Reichsvertretung der Juden in Deutschland, 1935-1938.</subfield>
</datafield>
<datafield ind1=" " ind2=" " tag="500">
<subfield code="a">With Neue Folge Jahrgang. 5, 1935, subtitle changed to : Zeitschrift der Zentralwohlfahrtsstelle der Deutschen Juden und der Abteilung Wirtschaftshilfe bei der Reichsvertretung der Juden in Deutschland.</subfield>
</datafield>
<datafield ind1=" " ind2=" " tag="500">
<subfield code="a">&lt; Neue Folge, Jahrgang 7 &gt; has the subtitle: Blätter der Zentralwohlfahrtsstelle und der Abt. Wirtschaftshilfe bei der Reichsvertretung der Juden in Deutschland.</subfield>
</datafield>
<datafield ind1=" " ind2=" " tag="500">
<subfield code="a">Continues: Zeitschrift für Jüdische Wohlfahrtspflege (1. Jahrgang (1929)), which merged with Jüdische Arbeits- und Wanderfürsorge (Jahrgang 1 (Dez. 1927)-Jahrgang 3, Nummer 6 (Dezember 1929)).</subfield>
</datafield>
<datafield ind1=" " ind2=" " tag="500">
<subfield code="a">Edited at various times by Friedrich Ollendorff, Paula Kronheimer, Ilse Goldschmidt, Max Kreutzberger, Friedrich Samuel Brodnitz and Ernst Gottfried Lowenthal</subfield>
</datafield>
<datafield ind1=" " ind2=" " tag="520">
<subfield code="a">"Jüdische Wohlfahrtspflege und Sozialpolitik" was a journal about Jewish public welfare and social policy. It was issued by German Jewish agencies for social work and employment.</subfield>
</datafield>
<datafield ind1=" " ind2=" " tag="583">
<subfield code="a">Corrected digital object record (removed 583 and 533 fields; corrected 33X fields; added 852 field)</subfield>
<subfield code="c">20140807</subfield>
<subfield code="k">TC</subfield>
</datafield>
<datafield ind1=" " ind2="0" tag="650">
<subfield code="a">Jews</subfield>
<subfield code="x">Charities</subfield>
<subfield code="v">Periodicals.</subfield>
</datafield>
<datafield ind1=" " ind2="0" tag="650">
<subfield code="a">Jewish periodicals.</subfield>
</datafield>
<datafield ind1=" " ind2="0" tag="650">
<subfield code="a">Periodicals</subfield>
<subfield code="z">Germany.</subfield>
</datafield>
<datafield ind1=" " ind2="0" tag="650">
<subfield code="a">Periodicals</subfield>
<subfield code="z">Germany</subfield>
<subfield code="z">Berlin.</subfield>
</datafield>
<datafield ind1=" " ind2="0" tag="650">
<subfield code="a">Public welfare</subfield>
<subfield code="z">Germany.</subfield>
</datafield>
<datafield ind1=" " ind2="0" tag="650">
<subfield code="a">Social service</subfield>
<subfield code="v">Periodicals.</subfield>
</datafield>
<datafield ind1=" " ind2="0" tag="650">
<subfield code="a">German-language periodicals</subfield>
<subfield code="5">CJH</subfield>
</datafield>
<datafield ind1=" " ind2="7" tag="655">
<subfield code="a">Periodicals</subfield>
<subfield code="2">cjh</subfield>
</datafield>
<datafield ind1=" " ind2="7" tag="655">
<subfield code="a">Journals</subfield>
<subfield code="2">cjh</subfield>
</datafield>
<datafield ind1="2" ind2=" " tag="710">
<subfield code="a">Hauptstelle für Jüdische Wanderfürsorge und Arbeitsnachweise (Berlin, Germany)</subfield>
</datafield>
<datafield ind1="1" ind2=" " tag="700">
<subfield code="a">Ollendorff, Friedrich,</subfield>
<subfield code="d">1889-1951</subfield>
</datafield>
<datafield ind1="1" ind2=" " tag="700">
<subfield code="a">Kronheimer, Paula.</subfield>
</datafield>
<datafield ind1="1" ind2=" " tag="700">
<subfield code="a">Goldschmidt, Ilse.</subfield>
</datafield>
<datafield ind1="1" ind2=" " tag="700">
<subfield code="a">Kreutzberger, Max</subfield>
<subfield code="d">1900-1978.</subfield>
</datafield>
<datafield ind1="1" ind2=" " tag="700">
<subfield code="a">Lowenthal, Ernst Gottfried,</subfield>
<subfield code="d">1904-</subfield>
</datafield>
<datafield ind1="2" ind2=" " tag="710">
<subfield code="a">Reichsvertretung der Deutschen Juden.</subfield>
<subfield code="b">Abteilung Wirtschaftshilfe</subfield>
</datafield>
<datafield ind1="1" ind2="0" tag="780">
<subfield code="a">Juedische Arbeits- und Wanderfuersorge (1927-1929)</subfield>
</datafield>
<datafield ind1="1" ind2="0" tag="780">
<subfield code="a">Zeitschrift für Jüdische Wohlfahrtspflege (Jahrgang 1, Heft 1-6 (1929))</subfield>
</datafield>
<datafield ind1=" " ind2=" " tag="852">
<subfield code="a">Leo Baeck Institute</subfield>
<subfield code="b">LBI Library</subfield>
<subfield code="e">15 West 16th Street , New York, NY 10011</subfield>
<subfield code="h">B410</subfield>
</datafield>
<datafield ind1=" " ind2=" " tag="094">
<subfield code="a">B410</subfield>
</datafield>
<datafield ind1=" " ind2="1" tag="264">
<subfield code="a">Berlin-Charlottenburg :</subfield>
<subfield code="b">Zentralwohlfahrtsstelle d. deutschen Juden,</subfield>
<subfield code="c">1930-1938.</subfield>
</datafield>
<datafield ind1=" " ind2=" " tag="336">
<subfield code="a">text</subfield>
<subfield code="2">rdacontent</subfield>
</datafield>
<datafield ind1=" " ind2=" " tag="337">
<subfield code="a">computer</subfield>
<subfield code="2">rdamedia</subfield>
</datafield>
<datafield ind1=" " ind2=" " tag="338">
<subfield code="a">online resource</subfield>
<subfield code="2">rdacarrier</subfield>
</datafield>
<datafield ind1=" " ind2=" " tag="952">
<subfield code="a">NNLBI</subfield>
<subfield code="b">LBISE</subfield>
<subfield code="h">B410</subfield>
</datafield>
<datafield ind1=" " ind2=" " tag="SID">
<subfield code="a">Z39</subfield>
<subfield code="b">ALEPH_Z39</subfield>
</datafield>
<datafield ind2=" " ind1=" " tag="856"><subfield code="u">http://digital.cjh.org/webclient/DeliveryManager?pid=2239500&amp;custom_att_2=simple_viewer</subfield></datafield><datafield ind2=" " ind1=" " tag="856"><subfield code="x">
				http://digital.cjh.org/webclient/DeliveryManager?pid=2239501</subfield></datafield></record></metadata></record>