<record><header><identifier>oai:digital.cjh.org:2339153</identifier><datestamp>2015-03-10T18:40:43Z</datestamp><setSpec>LBI_periodicals</setSpec></header><metadata>
<record xmlns="http://www.loc.gov/MARC21/slim" xmlns:xsi="http://www.w3.org/2001/XMLSchema-instance" xsi:schemaLocation="http://www.loc.gov/MARC21/slim http://www.loc.gov/standards/marcxml/schema/MARC21slim.xsd">
<leader>03231nas a2200469 a 4500</leader>
<controlfield tag="FMT">SE</controlfield>
<controlfield tag="001">000356617</controlfield>
<controlfield tag="005">20130726101623.0</controlfield>
<controlfield tag="008">080903d19391945cc dr n s     0    0ger d</controlfield>
<datafield ind1=" " ind2=" " tag="040">
<subfield code="a">NNLBI</subfield>
<subfield code="e">rda</subfield>
</datafield>
<datafield ind1="0" ind2=" " tag="041">
<subfield code="a">ger</subfield>
<subfield code="a">eng</subfield>
</datafield>
<datafield ind1=" " ind2=" " tag="050">
<subfield code="a">DS 135 C5</subfield>
</datafield>
<datafield ind1="0" ind2=" " tag="130">
<subfield code="a">Shanghai Jewish Chronicle (Shanghai, China : 1939-1945)</subfield>
</datafield>
<datafield ind1="1" ind2="0" tag="245">
<subfield code="a">Shanghai Jewish Chronicle : daily newspaper for the Jews in the Far East : Tageszeitung fuer die Juden im fernen Osten.</subfield>
</datafield>
<datafield ind1=" " ind2=" " tag="300">
<subfield code="a">1 online resource (volumes)</subfield>
</datafield>
<datafield ind1=" " ind2=" " tag="310">
<subfield code="a">Daily</subfield>
</datafield>
<datafield ind1="0" ind2=" " tag="362">
<subfield code="a">Jahrgang 1, Nr. 1 (5. Mai 1939)-[Jg. 7] (Oktober 1945).</subfield>
</datafield>
<datafield ind1=" " ind2=" " tag="500">
<subfield code="a">Continued by: Shanghai Echo : tägliches Nachrichtenblatt : daily newspaper (Jahrgang 1 (1946)-[Jahrgang 3, Nr. 351 (29. Dez. 1947)?]</subfield>
</datafield>
<datafield ind1=" " ind2=" " tag="500">
<subfield code="a">Subtitle varies. Earlier issues (-&lt;22. Juni 1939)&gt;) also have the English subtitle: a daily devoted to the affairs of Far Eastern Jewry. Later issues have the subtitle: Daily newspaper for the Jews in East Asia : Tageszeitung für die Juden in Ostasian</subfield>
</datafield>
<datafield ind1=" " ind2=" " tag="500">
<subfield code="a">Editor: Ossi Lewin</subfield>
</datafield>
<datafield ind1=" " ind2=" " tag="500">
<subfield code="a">Imprint varies. &lt; Jahrg. 1 (1939) &gt; published by: European Pub. Co.</subfield>
</datafield>
<datafield ind1=" " ind2=" " tag="520">
<subfield code="a">The Shanghai Jewish Chronicle was one of many German-language periodicals published for Jewish refugees who fled to Shanghai in an effort to escape National Socialism. Before World War I, the Jewish population in Shanghai was estimated to be 700; by 1945, the population increased to 25,000 as Jews sought refuge from persecution in Europe (this statistic includes Russian Jews who fled after the 1917 revolution). After failing to obtain visas to other countries, many Jews immigrated to Shanghai because they could enter its free port without visas. Most Jewish refugees left after the end of World War II. The Shanghai Jewish Chronicle reported on current events and opinions, with special attention to the news relevant to the German and Austrian Jewish community in Shanghai. (Encyclopaedia Judaica, 2007)</subfield>
</datafield>
<datafield ind1=" " ind2=" " tag="546">
<subfield code="a">&lt; Jahrgang 1 (1939) &gt; published in English and German. &lt; Jahrgang 2 (1940)- &gt; published in German.</subfield>
</datafield>
<datafield ind1=" " ind2=" " tag="588">
<subfield code="a">Description based on: Jahrg. 5, Nr. 346 (25. Dez. 1943).</subfield>
</datafield>
<datafield ind1=" " ind2="0" tag="650">
<subfield code="a">Jews, German</subfield>
<subfield code="z">China</subfield>
<subfield code="z">Shanghai</subfield>
<subfield code="v">Periodicals.</subfield>
</datafield>
<datafield ind1=" " ind2="0" tag="650">
<subfield code="a">Jews</subfield>
<subfield code="z">China</subfield>
<subfield code="z">Shanghai</subfield>
<subfield code="v">Periodicals.</subfield>
</datafield>
<datafield ind1=" " ind2="0" tag="650">
<subfield code="a">Exiles</subfield>
<subfield code="v">Periodicals.</subfield>
</datafield>
<datafield ind1=" " ind2="0" tag="650">
<subfield code="a">Jewish periodicals.</subfield>
</datafield>
<datafield ind1=" " ind2="0" tag="650">
<subfield code="a">German-language periodicals</subfield>
<subfield code="5">CJH</subfield>
</datafield>
<datafield ind1=" " ind2="0" tag="650">
<subfield code="a">English-language periodicals</subfield>
<subfield code="5">CJH</subfield>
</datafield>
<datafield ind1=" " ind2="0" tag="650">
<subfield code="a">Periodicals</subfield>
<subfield code="z">China</subfield>
<subfield code="z">Shanghai.</subfield>
</datafield>
<datafield ind1=" " ind2="0" tag="651">
<subfield code="a">Shanghai (China)</subfield>
<subfield code="v">Newspapers.</subfield>
</datafield>
<datafield ind1=" " ind2="7" tag="655">
<subfield code="a">Periodicals</subfield>
<subfield code="2">cjh</subfield>
</datafield>
<datafield ind1=" " ind2="7" tag="655">
<subfield code="a">Newspapers</subfield>
<subfield code="2">cjh</subfield>
</datafield>
<datafield ind1="1" ind2=" " tag="700">
<subfield code="a">Lewin, Ossi</subfield>
</datafield>
<datafield ind1="0" ind2="0" tag="785">
<subfield code="a">Shanghai Echo : tägliches Nachrichtenblatt : daily newspaper (Jahrgang 1 (1946)-[Jahrgang 3, Nr. 351 (29. Dez. 1947)?]</subfield>
</datafield>
<datafield ind1=" " ind2=" " tag="852">
<subfield code="a">Leo Baeck Institute</subfield>
<subfield code="b">LBI Library</subfield>
<subfield code="e">15 West 16th Street, New York, NY 10011</subfield>
<subfield code="h">B1041</subfield>
</datafield>
<datafield ind1=" " ind2=" " tag="094">
<subfield code="a">B1041</subfield>
</datafield>
<datafield ind1=" " ind2="1" tag="264">
<subfield code="a">Shanghai :</subfield>
<subfield code="b">Eigentuemer, Herausgeber und Schriftleiter: Ossi Lewin,</subfield>
<subfield code="c">1939-1945.</subfield>
</datafield>
<datafield ind1=" " ind2=" " tag="336">
<subfield code="a">text</subfield>
<subfield code="2">rdacontent</subfield>
</datafield>
<datafield ind1=" " ind2=" " tag="337">
<subfield code="a">computer</subfield>
<subfield code="2">rdamedia</subfield>
</datafield>
<datafield ind1=" " ind2=" " tag="338">
<subfield code="a">online resource</subfield>
<subfield code="2">rdacarrier</subfield>
</datafield>
<datafield ind1=" " ind2=" " tag="SID">
<subfield code="a">Z39</subfield>
<subfield code="b">ALEPH_Z39</subfield>
</datafield>
<datafield ind2=" " ind1=" " tag="856"><subfield code="u">http://digital.cjh.org/webclient/DeliveryManager?pid=2339153&amp;custom_att_2=simple_viewer</subfield></datafield><datafield ind2=" " ind1=" " tag="856"><subfield code="x">
				http://digital.cjh.org/webclient/DeliveryManager?pid=2339154</subfield></datafield></record></metadata></record>