<record><header><identifier>oai:digital.cjh.org:1937107</identifier><datestamp>2015-03-10T18:40:43Z</datestamp><setSpec>LBI_periodicals</setSpec></header><metadata>
<record xmlns="http://www.loc.gov/MARC21/slim" xmlns:xsi="http://www.w3.org/2001/XMLSchema-instance" xsi:schemaLocation="http://www.loc.gov/MARC21/slim http://www.loc.gov/standards/marcxml/schema/MARC21slim.xsd">
<leader>02880nas a2200493 a 4500</leader>
<controlfield tag="FMT">SE</controlfield>
<controlfield tag="001">000333689</controlfield>
<controlfield tag="005">20130425101108.0</controlfield>
<controlfield tag="008">070212d19291931gw uu p s     0    0ger d</controlfield>
<datafield ind1=" " ind2=" " tag="040">
<subfield code="a">NNLBI</subfield>
</datafield>
<datafield ind1="0" ind2=" " tag="041">
<subfield code="a">ger</subfield>
</datafield>
<datafield ind1=" " ind2=" " tag="050">
<subfield code="a">HN 19</subfield>
</datafield>
<datafield ind1="2" ind2=" " tag="110">
<subfield code="a">Kameraden Deutsch-Jüdischer Wanderbund</subfield>
</datafield>
<datafield ind1="1" ind2="0" tag="245">
<subfield code="a">... Mittleren-Rundbrief /</subfield>
<subfield code="c">"Kameraden" Deutsch-Jüdischer Wanderbund.</subfield>
</datafield>
<datafield ind1="1" ind2="1" tag="246">
<subfield code="a">"Kameraden" Deutsch-Jüdischer Wanderbund ... Mittleren Rundbrief.</subfield>
</datafield>
<datafield ind1=" " ind2=" " tag="260">
<subfield code="a">Dresden :</subfield>
<subfield code="b">"Kameraden" Deutsch-Jüdischer Wanderbund,</subfield>
<subfield code="c">[1929?-1931?].</subfield>
</datafield>
<datafield ind1=" " ind2=" " tag="300">
<subfield code="a">1 online resource (numbers)</subfield>
</datafield>
<datafield ind1=" " ind2=" " tag="310">
<subfield code="a">Unknown.</subfield>
</datafield>
<datafield ind1="0" ind2=" " tag="362">
<subfield code="a">[1 (1929)-9 (1931)?]</subfield>
</datafield>
<datafield ind1=" " ind2=" " tag="500">
<subfield code="a">Ceased publication in 1931?</subfield>
</datafield>
<datafield ind1=" " ind2=" " tag="520">
<subfield code="a">The first "Wanderverein" with the name "Kameraden" began in 1916 in Breslau. In 1919, the many other local "Kameraden" organizations that had sprung up banded together to form a nationwide organization. The "Kameraden" were different from other Jewish youth organizations of the time because they were not Jewish nationalists or Zionists and they oriented themselves toward middle class, assimilated Jews. The goal was to promote the development of spiritually and physical sound Jewish youth who felt they were a part of both German society and the Jewish religious community. The organization took a neutral position on religion because the differences in belief within the Jewish community.</subfield>
</datafield>
<datafield ind1=" " ind2=" " tag="541">
<subfield code="a">Reiss</subfield>
<subfield code="d">20070212</subfield>
<subfield code="e">070271</subfield>
<subfield code="h">25.14 USD</subfield>
</datafield>
<datafield ind1=" " ind2=" " tag="546">
<subfield code="a">German</subfield>
</datafield>
<datafield ind1=" " ind2=" " tag="583">
<subfield code="a">Cataloging</subfield>
<subfield code="c">20130212</subfield>
<subfield code="k">tb</subfield>
</datafield>
<datafield ind1=" " ind2=" " tag="590">
<subfield code="a">2. Kameraden â Deutsch-jüdischer Wanderbund. 9 Littleren Rundbrief. Editor: Peter Blachstein, 1931. Dreslen. Stencil paper. 17 pp. $ 30</subfield>
</datafield>
<datafield ind1=" " ind2=" " tag="500">
<subfield code="a">"Die Arbeit ist geteilt zwischen Berlin und Dresden. Die dresdener Mittleren müssen mit der Machine die Wachsmatrizen schreiben, die Berliner haben die Vervielfältigung übernommen." -- [Nr.] 9, p. 16</subfield>
</datafield>
<datafield ind1=" " ind2=" " tag="500">
<subfield code="a">Description based on: [No.] 9 (Okt. 1931); caption title.</subfield>
</datafield>
<datafield ind1=" " ind2=" " tag="500">
<subfield code="a">&lt; -[No.] 9 (Okt. 1931) &gt;"Herausgegeben von Peter Blachstein, Dresden."</subfield>
</datafield>
<datafield ind1=" " ind2=" " tag="536">
<subfield code="a">Scott Offen Fund in memory of Herbert Offen</subfield>
</datafield>
<datafield ind1=" " ind2=" " tag="583">
<subfield code="a">edited bib. record (300, 506, PRS fields); linked to microfilm record; updated HOL and item records.</subfield>
<subfield code="c">20130329</subfield>
<subfield code="k">TC</subfield>
</datafield>
<datafield ind1=" " ind2=" " tag="590">
<subfield code="a">20070212</subfield>
<subfield code="e">LBIOR-20070233</subfield>
</datafield>
<datafield ind1=" " ind2="0" tag="650">
<subfield code="a">Jewish youth</subfield>
<subfield code="z">Germany</subfield>
<subfield code="v">Periodicals.</subfield>
</datafield>
<datafield ind1="2" ind2="0" tag="610">
<subfield code="a">Kameraden Deutsch-Jüdischer Wanderbund</subfield>
<subfield code="v">Periodicals.</subfield>
</datafield>
<datafield ind1=" " ind2="0" tag="650">
<subfield code="a">Youth movements</subfield>
<subfield code="z">Germany</subfield>
<subfield code="v">Periodicals.</subfield>
</datafield>
<datafield ind1=" " ind2="0" tag="650">
<subfield code="a">Jewish periodicals.</subfield>
</datafield>
<datafield ind1=" " ind2="0" tag="650">
<subfield code="a">German-language periodicals</subfield>
<subfield code="5">CJH</subfield>
</datafield>
<datafield ind1=" " ind2="0" tag="650">
<subfield code="a">Periodicals</subfield>
<subfield code="z">Germany</subfield>
<subfield code="z">Dresden.</subfield>
</datafield>
<datafield ind1=" " ind2="0" tag="650">
<subfield code="a">Periodicals</subfield>
<subfield code="z">Germany</subfield>
<subfield code="z">Berlin.</subfield>
</datafield>
<datafield ind1=" " ind2="7" tag="655">
<subfield code="a">Periodicals</subfield>
<subfield code="2">cjh</subfield>
</datafield>
<datafield ind1=" " ind2="7" tag="655">
<subfield code="a">Newsletters</subfield>
<subfield code="2">cjh</subfield>
</datafield>
<datafield ind1="1" ind2=" " tag="700">
<subfield code="a">Blachstein, Peter,</subfield>
<subfield code="d">1911-1977</subfield>
</datafield>
<datafield ind1=" " ind2=" " tag="852">
<subfield code="a">Leo Baeck Institute</subfield>
<subfield code="b">LBI Library</subfield>
<subfield code="e">15 West 16th Street, New York, N.Y. 10011</subfield>
<subfield code="h">B45.1</subfield>
</datafield>
<datafield ind1=" " ind2=" " tag="094">
<subfield code="a">B45.1</subfield>
</datafield>
<datafield ind1=" " ind2=" " tag="336">
<subfield code="a">text</subfield>
<subfield code="2">rdacontent</subfield>
</datafield>
<datafield ind1=" " ind2=" " tag="337">
<subfield code="a">computer</subfield>
<subfield code="2">rdamedia</subfield>
</datafield>
<datafield ind1=" " ind2=" " tag="338">
<subfield code="a">online resource</subfield>
<subfield code="2">rdacarrier</subfield>
</datafield>
<datafield ind2=" " ind1=" " tag="856"><subfield code="u">http://digital.cjh.org/webclient/DeliveryManager?pid=1937107&amp;custom_att_2=simple_viewer</subfield></datafield><datafield ind2=" " ind1=" " tag="856"><subfield code="x">
				http://digital.cjh.org/webclient/DeliveryManager?pid=1937106</subfield></datafield></record></metadata></record>