<record><header><identifier>oai:digital.cjh.org:1937115</identifier><datestamp>2015-03-10T18:40:43Z</datestamp><setSpec>LBI_periodicals</setSpec></header><metadata>
<record xmlns="http://www.loc.gov/MARC21/slim" xmlns:xsi="http://www.w3.org/2001/XMLSchema-instance" xsi:schemaLocation="http://www.loc.gov/MARC21/slim http://www.loc.gov/standards/marcxml/schema/MARC21slim.xsd">
<leader>03238nas a2200505 a 4500</leader>
<controlfield tag="FMT">SE</controlfield>
<controlfield tag="001">000280278</controlfield>
<controlfield tag="005">20130530100904.0</controlfield>
<controlfield tag="008">080724d19201922gw mr p s     0    0ger d</controlfield>
<datafield ind1=" " ind2=" " tag="040">
<subfield code="a">NNLBI</subfield>
</datafield>
<datafield ind1="0" ind2=" " tag="041">
<subfield code="a">ger</subfield>
</datafield>
<datafield ind1=" " ind2=" " tag="050">
<subfield code="a">HN 19</subfield>
</datafield>
<datafield ind1="2" ind2=" " tag="110">
<subfield code="a">Kameraden Deutsch-Jüdischer Wanderbund</subfield>
</datafield>
<datafield ind1="1" ind2="3" tag="245">
<subfield code="a">"Kameraden" : Verbandszeitschrift des Jugendverbandes jüdischer Deutscher "Kameraden".</subfield>
</datafield>
<datafield ind1="1" ind2="1" tag="246">
<subfield code="a">"Kameraden" : Bundeszeitschrift des Reichsverbandes der "Kameraden" / Verband jüdischer Wander-Sport- u. Turn-Vereine.</subfield>
<subfield code="f">( -Jg. 1, Heft 9 (Sept. 1920))</subfield>
</datafield>
<datafield ind1="1" ind2="3" tag="246">
<subfield code="a">Bundeszeitschrift des Reichsverbandes der "Kameraden," Verbandes jüdischer Wander-, Sport- und Turnvereine</subfield>
<subfield code="f">( -Jg. 1, Heft 9 (Sept. 1920))</subfield>
</datafield>
<datafield ind1="1" ind2="3" tag="246">
<subfield code="a">Verbandszeitschrift des Jugendverbandes jüdischer Deutscher "Kameraden"</subfield>
</datafield>
<datafield ind1=" " ind2=" " tag="260">
<subfield code="a">Berlin :</subfield>
<subfield code="b">Verlag: "Reichsverband der Kameraden",</subfield>
<subfield code="c">1920-1922.</subfield>
</datafield>
<datafield ind1=" " ind2=" " tag="300">
<subfield code="a">1 online resource (volumes) : illustrations</subfield>
</datafield>
<datafield ind1=" " ind2=" " tag="310">
<subfield code="a">Monthly</subfield>
</datafield>
<datafield ind1="0" ind2=" " tag="362">
<subfield code="a">Jg. 1, Nr. 1-3 (Jan./März 1920)-Jg. 3, Nr. 5-7 (Juli 1922).</subfield>
</datafield>
<datafield ind1=" " ind2=" " tag="500">
<subfield code="a">Subtitle varies. Issues before Jahrg. 1, Heft 9 (Sept. 1920) have the subtitle: Bundeszeitschrift des Reichsverbandes der "Kameraden" / Verband jüdischer Wander-Sport- u. Turn-Vereine.</subfield>
</datafield>
<datafield ind1=" " ind2=" " tag="520">
<subfield code="a">The first "Wanderverein" with the name "Kameraden" began in 1916 in Breslau. In 1919, the many other local "Kameraden" organizations that had sprung up banded together to form a nationwide organization. The "Kameraden" were different from other Jewish youth organizations of the time because they were not Jewish nationalists or Zionists and they oriented themselves toward middle class, assimilated Jews. The goal was to promote the development of spiritually and physical sound Jewish youth who felt they were a part of both German society and the Jewish religious community. The organization took a neutral position on religion because the differences in belief within the Jewish community.</subfield>
</datafield>
<datafield ind1=" " ind2=" " tag="546">
<subfield code="a">German</subfield>
</datafield>
<datafield ind1=" " ind2=" " tag="583">
<subfield code="a">Recataloging - Updated item and HOL records; Edited bib record (300, 310, PRS fields); linked to microfilm record.</subfield>
<subfield code="c">20101029</subfield>
<subfield code="k">ma</subfield>
</datafield>
<datafield ind1=" " ind2=" " tag="500">
<subfield code="a">Editors: Jan. 1920-Nov. 1920, Georg Beer; Jan. 1921-July 1922 Erwin Lichtenstein</subfield>
</datafield>
<datafield ind1=" " ind2=" " tag="500">
<subfield code="a">Imprint varies. Also published in Stettin (after Jg. 2, Nr. 4 (1921)) and Breslau (with Jahrg. 3 (1922)).</subfield>
</datafield>
<datafield ind1=" " ind2=" " tag="583">
<subfield code="a">Recataloging - edited record for digitization.</subfield>
<subfield code="c">20130228</subfield>
<subfield code="k">tb</subfield>
</datafield>
<datafield ind1=" " ind2=" " tag="583">
<subfield code="a">Edited bib. record (300, PRS fields); linked to microfilm record; updated HOL and item records</subfield>
<subfield code="c">20130530</subfield>
<subfield code="k">TC</subfield>
</datafield>
<datafield ind1=" " ind2="0" tag="650">
<subfield code="a">Jewish youth</subfield>
<subfield code="z">Germany</subfield>
<subfield code="v">Periodicals.</subfield>
</datafield>
<datafield ind1=" " ind2="0" tag="650">
<subfield code="a">Youth movements</subfield>
<subfield code="z">Germany</subfield>
<subfield code="v">Periodicals.</subfield>
</datafield>
<datafield ind1=" " ind2="0" tag="650">
<subfield code="a">German-language periodicals</subfield>
<subfield code="5">CJH</subfield>
</datafield>
<datafield ind1=" " ind2="0" tag="650">
<subfield code="a">Jewish periodicals</subfield>
<subfield code="5">LBI</subfield>
</datafield>
<datafield ind1=" " ind2="0" tag="650">
<subfield code="a">Periodicals</subfield>
<subfield code="z">Germany</subfield>
<subfield code="5">LBI</subfield>
</datafield>
<datafield ind1=" " ind2="0" tag="650">
<subfield code="a">Periodicals</subfield>
<subfield code="z">Germany</subfield>
<subfield code="z">Berlin.</subfield>
</datafield>
<datafield ind1=" " ind2="0" tag="650">
<subfield code="a">Periodicals</subfield>
<subfield code="z">Poland</subfield>
<subfield code="z">Szczecin.</subfield>
</datafield>
<datafield ind1=" " ind2="0" tag="650">
<subfield code="a">Periodicals</subfield>
<subfield code="z">Poland</subfield>
<subfield code="z">Wrocław.</subfield>
</datafield>
<datafield ind1="2" ind2="0" tag="610">
<subfield code="a">Kameraden Deutsch-Jüdischer Wanderbund</subfield>
<subfield code="v">Periodicals.</subfield>
</datafield>
<datafield ind1=" " ind2="7" tag="655">
<subfield code="a">Periodicals</subfield>
<subfield code="2">cjh</subfield>
</datafield>
<datafield ind1=" " ind2="7" tag="655">
<subfield code="a">Newsletters</subfield>
<subfield code="2">cjh</subfield>
</datafield>
<datafield ind1="1" ind2=" " tag="700">
<subfield code="a">Beer, Georg</subfield>
</datafield>
<datafield ind1="1" ind2=" " tag="700">
<subfield code="a">Lichtenstein, Erwin,</subfield>
<subfield code="d">1901-</subfield>
</datafield>
<datafield ind1=" " ind2=" " tag="852">
<subfield code="a">Leo Baeck Institute</subfield>
<subfield code="b">LBI Library</subfield>
<subfield code="e">15 West 16th Street, New York, N.Y. 10011</subfield>
<subfield code="h">B264</subfield>
</datafield>
<datafield ind1=" " ind2=" " tag="094">
<subfield code="a">B264</subfield>
</datafield>
<datafield ind1=" " ind2=" " tag="336">
<subfield code="a">text</subfield>
<subfield code="2">rdacontent</subfield>
</datafield>
<datafield ind1=" " ind2=" " tag="337">
<subfield code="a">unmediated</subfield>
<subfield code="2">rdamedia</subfield>
</datafield>
<datafield ind1=" " ind2=" " tag="338">
<subfield code="a">volume</subfield>
<subfield code="2">rdacarrier</subfield>
</datafield>
<datafield ind1=" " ind2=" " tag="952">
<subfield code="a">NNLBI</subfield>
<subfield code="b">LBISE</subfield>
<subfield code="h">B264</subfield>
</datafield>
<datafield ind1=" " ind2=" " tag="SID">
<subfield code="a">Z39</subfield>
<subfield code="b">ALEPH_Z39</subfield>
</datafield>
<datafield ind2=" " ind1=" " tag="856"><subfield code="u">http://digital.cjh.org/webclient/DeliveryManager?pid=1937115&amp;custom_att_2=simple_viewer</subfield></datafield><datafield ind2=" " ind1=" " tag="856"><subfield code="x">
				http://digital.cjh.org/webclient/DeliveryManager?pid=1937114</subfield></datafield></record></metadata></record>