<record><header><identifier>oai:digital.cjh.org:1990045</identifier><datestamp>2015-03-10T18:40:43Z</datestamp><setSpec>LBI_periodicals</setSpec></header><metadata>
<record xmlns="http://www.loc.gov/MARC21/slim" xmlns:xsi="http://www.w3.org/2001/XMLSchema-instance" xsi:schemaLocation="http://www.loc.gov/MARC21/slim http://www.loc.gov/standards/marcxml/schema/MARC21slim.xsd">
<leader>05286nas a2200697 a 4500</leader>
<controlfield tag="FMT">SE</controlfield>
<controlfield tag="001">000280328</controlfield>
<controlfield tag="005">20140224120722.0</controlfield>
<controlfield tag="008">060206d18481862gw wr p s     0    0ger d</controlfield>
<datafield ind1=" " ind2=" " tag="040">
<subfield code="a">NNLBI</subfield>
</datafield>
<datafield ind1="0" ind2=" " tag="041">
<subfield code="a">ger</subfield>
</datafield>
<datafield ind1=" " ind2=" " tag="050">
<subfield code="a">M 2186 E28</subfield>
</datafield>
<datafield ind1="0" ind2="0" tag="245">
<subfield code="a">Liturgische Zeitschrift zur Veredelung des Synagogengesangs mit Berücksichtigung des ganzen Synagogenwesens /</subfield>
<subfield code="c">herausgegeben in Gemeinschaft mit vielen israel. Gelehrten, Schullehrern und Cantoren von Hermann Ehrlich, Schullehrer und Cantor in Berkach in Meiningen.</subfield>
</datafield>
<datafield ind1=" " ind2=" " tag="260">
<subfield code="a">Meiningen :</subfield>
<subfield code="b">Verlag der Keyßner'schen Hofbuchhandlung (W. Blum),</subfield>
<subfield code="c">[1848-1862].</subfield>
</datafield>
<datafield ind1=" " ind2=" " tag="300">
<subfield code="a">1 online resource (volumes : music)</subfield>
</datafield>
<datafield ind1=" " ind2=" " tag="310">
<subfield code="a">Four issues a year</subfield>
<subfield code="b">[Teil 1], [Band 2], Heft 7</subfield>
</datafield>
<datafield ind1=" " ind2=" " tag="321">
<subfield code="a">Irregular</subfield>
<subfield code="b">[Teil I] [Bd. 1] Heft 1-[Teil 1], [Bd. 2], Heft 6</subfield>
</datafield>
<datafield ind1=" " ind2=" " tag="321">
<subfield code="a">Irregular?</subfield>
</datafield>
<datafield ind1="1" ind2=" " tag="362">
<subfield code="a">[Teil I] [Bd. 1] Heft 1-9 ([circa 1848?-1854?])</subfield>
</datafield>
<datafield ind1="1" ind2=" " tag="362">
<subfield code="a">[Teil I] Bd. 2, Heft 1-10 ([circa 1855?-1856?]) (Heft 1-3 are numbered Heft 10 -12 without Bd. number)</subfield>
</datafield>
<datafield ind1="1" ind2=" " tag="362">
<subfield code="a">[Teil I] Bd. 3, Heft 1-9 ([circa 1857?-1859?])</subfield>
</datafield>
<datafield ind1="1" ind2=" " tag="362">
<subfield code="a">[Teil II], Heft 1-19 (published under the title: Festgesänge der Israeliten oder vollständiger Jahrgang aller Chorgesaenge und Recitative)</subfield>
</datafield>
<datafield ind1="1" ind2=" " tag="362">
<subfield code="a">Teil III, Heft 1-12</subfield>
</datafield>
<datafield ind1="1" ind2=" " tag="362">
<subfield code="a">Teil IV , Heft 1-4 ([circa 1862?])</subfield>
</datafield>
<datafield ind1="1" ind2=" " tag="362">
<subfield code="a">Ceased publication with Teil IV, Heft 4 ([1862?])?</subfield>
</datafield>
<datafield ind1=" " ind2=" " tag="500">
<subfield code="a">Description based on: [Teil 1], [Band 1], Heft 1; caption title.</subfield>
</datafield>
<datafield ind1=" " ind2=" " tag="504">
<subfield code="a">Includes bibliographical references.</subfield>
</datafield>
<datafield ind1=" " ind2=" " tag="546">
<subfield code="a">German</subfield>
</datafield>
<datafield ind1=" " ind2=" " tag="500">
<subfield code="a">Latest issue consulted: Teil 4, Heft 4.</subfield>
</datafield>
<datafield ind1=" " ind2=" " tag="500">
<subfield code="a">Imprint varies. [Teil 1], [Band 1], Heft 6 -[Teil 1], [Band 2], Heft 6: Self-published; [Teil 1], [Band 2], Heft 7-[Teil 1], [Band 3], Heft 9 Brückner &amp; Renner; Teil 3, Heft 1-Teil 4, Heft 4 is self-published.</subfield>
</datafield>
<datafield ind1=" " ind2=" " tag="500">
<subfield code="a">Each issue contains text and music numbered seperately ; numbering of text consecutive.</subfield>
</datafield>
<datafield ind1=" " ind2=" " tag="500">
<subfield code="a">With Teil 3, Heft 7, only scores are published; the scholarly articles are no longer published.</subfield>
</datafield>
<datafield ind1=" " ind2=" " tag="500">
<subfield code="a">[Teil 1], [Band 3], Heft 5 is dated 1858.</subfield>
</datafield>
<datafield ind1=" " ind2=" " tag="500">
<subfield code="a">According to the Freimann catalog, p. 21 (Freimann, Aron. Katalog der Judaica und Hebraica. Erster Band: Judaica. Frankfurt am Main: Lehrberger &amp; Co., 1932) a separate "Teil 2" was published under the title "Festgesänge der Israeliten oder vollständiger Jahrgang aller Chorgesänge und Recitative." The only copy listed worldwide is located at the Jewish Theological Seminary of America; it has indeed this title page but actually contains the 19 "Hefte" which were previously published as "Band 2" and "Band 3" of "Teil 1." Since there are currently no other known holdings of this periodical, we assume "Band 2" and "Band 3" of "Teil 1" were republished as "Teil 2" at one point. For "Teil 2,", please see the "Hefte" of "Teil 1, Band 2" and "Teil 1, Band 3."</subfield>
</datafield>
<datafield ind1=" " ind2=" " tag="500">
<subfield code="a">Dates from Zeitschriftendatenbank. Freimann lists the publication dates as 1851-1861.</subfield>
</datafield>
<datafield ind1=" " ind2=" " tag="500">
<subfield code="a">The title page from Teil 2 "Festgesänge der Israeliten oder vollständiger Jahrgang aller Chorgesänge und Recitative" is from the Library of the Jewish Theological Seminary (New York).</subfield>
</datafield>
<datafield ind1="4" ind2=" " tag="510">
<subfield code="a">Freimann, Aron. Katalog der Judaica und Hebraica. Erster Band: Judaica. Frankfurt am Main: Lehrberger &amp; Co., 1932.</subfield>
<subfield code="b">p. 21 (Eph. Jud. 14)</subfield>
</datafield>
<datafield ind1=" " ind2=" " tag="520">
<subfield code="a">"Liturgische Zeitschrift" was a liturgical journal for the advancement of synagogue music. It contained scores and scholarly criticism about synagogue music. The criticism was later discontinued with volume 3, part 7 as the journal focused on publishing scores. The journal's publisher, Hermann Ehrlich, was an instructor and cantor in Meiningen.</subfield>
</datafield>
<datafield ind1=" " ind2="0" tag="650">
<subfield code="a">Synagogue music</subfield>
<subfield code="v">Periodicals.</subfield>
</datafield>
<datafield ind1=" " ind2="0" tag="650">
<subfield code="a">Judaism</subfield>
<subfield code="x">Liturgy</subfield>
<subfield code="v">Periodicals.</subfield>
</datafield>
<datafield ind1=" " ind2="0" tag="650">
<subfield code="a">German-language periodicals</subfield>
<subfield code="5">CJH</subfield>
</datafield>
<datafield ind1=" " ind2="0" tag="650">
<subfield code="a">Periodicals</subfield>
<subfield code="z">Germany</subfield>
<subfield code="z">Meiningen</subfield>
<subfield code="5">LBI</subfield>
</datafield>
<datafield ind1=" " ind2="0" tag="650">
<subfield code="a">Periodicals</subfield>
<subfield code="z">Germany</subfield>
<subfield code="5">LBI</subfield>
</datafield>
<datafield ind1=" " ind2="0" tag="650">
<subfield code="a">Jewish periodicals</subfield>
<subfield code="5">LBI</subfield>
</datafield>
<datafield ind1=" " ind2="7" tag="655">
<subfield code="a">Periodicals</subfield>
<subfield code="2">cjh</subfield>
</datafield>
<datafield ind1=" " ind2="7" tag="655">
<subfield code="a">Journals (Periodicals)</subfield>
<subfield code="2">cjh</subfield>
</datafield>
<datafield ind1=" " ind2="7" tag="655">
<subfield code="a">Scores</subfield>
<subfield code="2">aat</subfield>
</datafield>
<datafield ind1="0" ind2=" " tag="740">
<subfield code="a">Festgesänge der Israeliten oder vollständiger Jahrgang aller Chorgesänge und Recitative (Teil 2)</subfield>
</datafield>
<datafield ind1="1" ind2=" " tag="700">
<subfield code="a">Ehrlich, Hermann</subfield>
</datafield>
<datafield ind1="0" ind2=" " tag="740">
<subfield code="a">Vollständiger Jahrgang aller Chorgesänge und Recitative (Teil 2)</subfield>
</datafield>
<datafield ind1=" " ind2=" " tag="852">
<subfield code="a">Leo Baeck Institute</subfield>
<subfield code="b">LBI Library</subfield>
<subfield code="e">15 West 16th Street, New York, NY 10011</subfield>
<subfield code="h">B913</subfield>
</datafield>
<datafield ind1=" " ind2=" " tag="094">
<subfield code="a">B913</subfield>
</datafield>
<datafield ind1=" " ind2=" " tag="336">
<subfield code="a">text</subfield>
<subfield code="2">rdacontent</subfield>
</datafield>
<datafield ind1=" " ind2=" " tag="337">
<subfield code="a">computer</subfield>
<subfield code="2">rdamedia</subfield>
</datafield>
<datafield ind1=" " ind2=" " tag="338">
<subfield code="a">online resources</subfield>
<subfield code="2">rdacarrier</subfield>
</datafield>
<datafield ind1=" " ind2=" " tag="952">
<subfield code="a">NNLBI</subfield>
<subfield code="b">LBISE</subfield>
<subfield code="h">B913</subfield>
</datafield>
<datafield ind1=" " ind2=" " tag="SID">
<subfield code="a">Z39</subfield>
<subfield code="b">ALEPH_Z39</subfield>
</datafield>
<datafield ind2=" " ind1=" " tag="856"><subfield code="u">http://digital.cjh.org/webclient/DeliveryManager?pid=1990045&amp;custom_att_2=simple_viewer</subfield></datafield><datafield ind2=" " ind1=" " tag="856"><subfield code="x">
				http://digital.cjh.org/webclient/DeliveryManager?pid=1990046</subfield></datafield></record></metadata></record>