<record><header><identifier>oai:digital.cjh.org:1958535</identifier><datestamp>2015-03-10T18:40:43Z</datestamp><setSpec>LBI_periodicals</setSpec></header><metadata>
<record xmlns="http://www.loc.gov/MARC21/slim" xmlns:xsi="http://www.w3.org/2001/XMLSchema-instance" xsi:schemaLocation="http://www.loc.gov/MARC21/slim http://www.loc.gov/standards/marcxml/schema/MARC21slim.xsd">
<leader>03285cas  22005177a 4500</leader>
<controlfield tag="FMT">SE</controlfield>
<controlfield tag="001">000454125</controlfield>
<controlfield tag="005">20140123173729.0</controlfield>
<controlfield tag="008">920804d18841900gw wr p s     0    0ger  </controlfield>
<datafield ind1=" " ind2=" " tag="010">
<subfield code="a">sf 92095767</subfield>
</datafield>
<datafield ind1=" " ind2=" " tag="040">
<subfield code="a">NNLBI</subfield>
</datafield>
<datafield ind1="0" ind2=" " tag="041">
<subfield code="a">ger</subfield>
</datafield>
<datafield ind1="0" ind2=" " tag="130">
<subfield code="a">Laubhütte (Regensburg, Germany)</subfield>
</datafield>
<datafield ind1="1" ind2="4" tag="245">
<subfield code="a">Die Laubhütte :</subfield>
<subfield code="b">illustrirtes israelitisches Familienblatt /</subfield>
<subfield code="c">herausgegeben von Dr. S. Meyer in Regensburg.</subfield>
</datafield>
<datafield ind1="1" ind2="1" tag="246">
<subfield code="a">Laubhütte : illustrirtes israelitisches Familien-blatt</subfield>
</datafield>
<datafield ind1="1" ind2="3" tag="246">
<subfield code="a">Laubhütte : israelitisches Familienblatt</subfield>
</datafield>
<datafield ind1=" " ind2=" " tag="260">
<subfield code="a">Regensburg :</subfield>
<subfield code="b">[Dr. S. Meyer],</subfield>
<subfield code="c">1884-1900.</subfield>
<subfield code="e">(Regensburg :</subfield>
<subfield code="f">Demmler'schen Buchdruckerei (M. Wasner))</subfield>
</datafield>
<datafield ind1=" " ind2=" " tag="300">
<subfield code="a">1 online resource (volumes : illustrations)</subfield>
</datafield>
<datafield ind1=" " ind2=" " tag="310">
<subfield code="a">Weekly</subfield>
<subfield code="b">&lt; Jahrgang 9 (1892)- &gt;</subfield>
</datafield>
<datafield ind1=" " ind2=" " tag="321">
<subfield code="a">Twice a month</subfield>
<subfield code="b">&lt; [Jahrgang 1], Nummer 15-22 (1884) &gt;</subfield>
</datafield>
<datafield ind1="0" ind2=" " tag="362">
<subfield code="a">[Jahrgang 1], Nummer 1 (1884)-Jahrgang 17 (1900), Nummer 47.</subfield>
</datafield>
<datafield ind1=" " ind2=" " tag="500">
<subfield code="a">[Jahrg. 1], no. 15-22 (1884) are stamped "K.K. Zeitungs-exped. in Prag."</subfield>
</datafield>
<datafield ind1=" " ind2=" " tag="520">
<subfield code="a">"Die Laubhütte" was a Jewish family magazine founded by the orthodox Rabbi Seligmann Meyer in 1884. Rabbi Meyer attended Markus Lehmann's religious school in Mainz. He also studied at the Hildesheimer Rabbinical Seminary in 1876. His "Laubhütte," which became "Deutsche Israelitische Zeitung" in 1900, published religious-themed poems, stories, and articles. (Sources: Brocke, Michael, et al. Biographisches Handbuch der Rabbiner. München: Saur, 2009 Teil 2, Band 2 p. 433-434. Wininger, Salomon. Große jüdische National Biographie. Cernauti : Orient, 1929. Bd. 4. p. 494.)</subfield>
</datafield>
<datafield ind1=" " ind2=" " tag="546">
<subfield code="a">German</subfield>
</datafield>
<datafield ind1=" " ind2=" " tag="500">
<subfield code="a">Jahrg. 9, Nr. 20, Nr. 21, Nr. 23, Nr. 26 (1892) have illegible stamps.</subfield>
</datafield>
<datafield ind1=" " ind2=" " tag="500">
<subfield code="a">Subtitle varies. &lt; Jahrg. 9, Nr. 20 &gt; - has the subtitle: Israelitisches Familienblatt.</subfield>
</datafield>
<datafield ind1=" " ind2=" " tag="500">
<subfield code="a">Continued by and became a supplement to: Deutsche israelitische Zeitung (Regensburg and Hamburg, Germany), [Jg. 17, 1900, Nr. 48?-Jg. 55 (1938)?]</subfield>
</datafield>
<datafield ind1=" " ind2=" " tag="525">
<subfield code="a">&lt; Jahrg. 16 (1899)- &gt; includes unnumbered supplements: Erste Beilage ; Zweite Beilage ; Dritte Beilage</subfield>
</datafield>
<datafield ind1=" " ind2=" " tag="588">
<subfield code="a">Description based on: 1. Jahrg, Nr. 15 (1884); title from caption.</subfield>
</datafield>
<datafield ind1=" " ind2="0" tag="650">
<subfield code="a">Judaism</subfield>
<subfield code="z">Germany</subfield>
<subfield code="v">Periodicals.</subfield>
</datafield>
<datafield ind1=" " ind2="0" tag="650">
<subfield code="a">Jews</subfield>
<subfield code="z">Germany</subfield>
<subfield code="v">Periodicals.</subfield>
</datafield>
<datafield ind1=" " ind2="0" tag="650">
<subfield code="a">Jewish periodicals.</subfield>
</datafield>
<datafield ind1=" " ind2="0" tag="650">
<subfield code="a">Periodicals</subfield>
<subfield code="z">Germany</subfield>
<subfield code="z">Regensburg.</subfield>
</datafield>
<datafield ind1=" " ind2="0" tag="650">
<subfield code="a">German-language periodicals</subfield>
<subfield code="5">CJH</subfield>
</datafield>
<datafield ind1=" " ind2="7" tag="655">
<subfield code="a">Periodicals</subfield>
<subfield code="2">cjh</subfield>
</datafield>
<datafield ind1=" " ind2="7" tag="655">
<subfield code="a">Newspapers</subfield>
<subfield code="2">cjh</subfield>
</datafield>
<datafield ind1="1" ind2="5" tag="785">
<subfield code="a">Deutsche israelitische Zeitung (Regensburg and Hamburg, Germany : Jahrgang 17, Nummer 48 (1900)-[Jg. 55 (1938)?])</subfield>
</datafield>
<datafield ind1="1" ind2=" " tag="700">
<subfield code="a">Meyer, Seligmann,</subfield>
<subfield code="d">1853-1925</subfield>
</datafield>
<datafield ind1=" " ind2=" " tag="852">
<subfield code="a">Leo Baeck Institute</subfield>
<subfield code="b">LBI Library</subfield>
<subfield code="e">15 West 16th Street, New York, NY 10011</subfield>
<subfield code="h">B66.1</subfield>
</datafield>
<datafield ind1=" " ind2=" " tag="094">
<subfield code="a">B66.1</subfield>
</datafield>
<datafield ind1=" " ind2=" " tag="336">
<subfield code="a">text</subfield>
<subfield code="2">rdacontent</subfield>
</datafield>
<datafield ind1=" " ind2=" " tag="337">
<subfield code="a">computer</subfield>
<subfield code="2">rdamedia</subfield>
</datafield>
<datafield ind1=" " ind2=" " tag="338">
<subfield code="a">online resource</subfield>
<subfield code="2">rdacarrier</subfield>
</datafield>
<datafield ind1=" " ind2=" " tag="SID">
<subfield code="a">Z39</subfield>
<subfield code="b">ALEPH_Z39</subfield>
</datafield>
<datafield ind2=" " ind1=" " tag="856"><subfield code="u">http://digital.cjh.org/webclient/DeliveryManager?pid=1958535&amp;custom_att_2=simple_viewer</subfield></datafield><datafield ind2=" " ind1=" " tag="856"><subfield code="x">
				http://digital.cjh.org/webclient/DeliveryManager?pid=1958536</subfield></datafield></record></metadata></record>