<record><header><identifier>oai:digital.cjh.org:1956307</identifier><datestamp>2015-03-10T18:40:43Z</datestamp><setSpec>LBI_periodicals</setSpec></header><metadata>
<record xmlns="http://www.loc.gov/MARC21/slim" xmlns:xsi="http://www.w3.org/2001/XMLSchema-instance" xsi:schemaLocation="http://www.loc.gov/MARC21/slim http://www.loc.gov/standards/marcxml/schema/MARC21slim.xsd">
<leader>08846nas a2201381 a 4500</leader>
<controlfield tag="FMT">SE</controlfield>
<controlfield tag="001">000280106</controlfield>
<controlfield tag="005">20130425094835.0</controlfield>
<controlfield tag="008">060206d19221938gw cr p s     0    0ger d</controlfield>
<datafield ind1=" " ind2=" " tag="040">
<subfield code="a">NNLBI</subfield>
</datafield>
<datafield ind1="0" ind2=" " tag="041">
<subfield code="a">ger</subfield>
</datafield>
<datafield ind1=" " ind2=" " tag="050">
<subfield code="a">DS 135 G4 M36</subfield>
</datafield>
<datafield ind1="0" ind2=" " tag="130">
<subfield code="a">Israelitisches Gemeindeblatt (Mannheim and Ludwigshafen am Rhein, Germany)</subfield>
</datafield>
<datafield ind1="1" ind2="0" tag="245">
<subfield code="a">Israelitisches Gemeindeblatt : offizielles Organ der Israelitischen Gemeinde Mannheim.</subfield>
</datafield>
<datafield ind1="1" ind2="3" tag="246">
<subfield code="i">Subtitle varies:</subfield>
<subfield code="a">Israelitisches Gemeindeblatt : offizielles Organ der Israelitischen Gemeinden Mannheim und Ludwigshafen</subfield>
<subfield code="f">( &lt; Jahrg. 6, Nr. 2 (Feb. 1928)- &gt; )</subfield>
</datafield>
<datafield ind1="1" ind2="3" tag="246">
<subfield code="i">Additional subtitle:</subfield>
<subfield code="a">Israelitisches Gemeindeblatt : offizielles Organ der israelitischen Gemeinden Mannheim und Ludwigshafen : badisches Gemeindeblatt</subfield>
<subfield code="f">(Jahrg. 9, Nr. 4 (21. April 1931)- )</subfield>
</datafield>
<datafield ind1="1" ind2="3" tag="246">
<subfield code="i">Additional subtitle:</subfield>
<subfield code="a">Badisches Gemeindeblatt</subfield>
<subfield code="f">(Jahrg. 9, Nr. 4 (21. April 1931)- )</subfield>
</datafield>
<datafield ind1="1" ind2="3" tag="246">
<subfield code="i">Subtitle varies:</subfield>
<subfield code="a">Israelitisches Gemeindeblatt : offizielles Organ der Israel. Gemeinden Mannheim, Heidelberg und Ludwigshafen a. Rh. und des Verbandes der Israel. Kultusgemeinden der Pfalz</subfield>
<subfield code="f">(&lt; Jahrg. 14, Nr. 17 (9. Sept. 1936)- &gt;)</subfield>
</datafield>
<datafield ind1="1" ind2="3" tag="246">
<subfield code="i">Title varies:</subfield>
<subfield code="a">Jüdisches Gemeindeblatt für die israelitischen Gemeinden in Mannheim, Heidelberg und Ludwigshafen a. Rh.</subfield>
<subfield code="f">(Jahrg. 15, Nr. 15 (1937)-Jg. 16, Nr. 21 (1938))</subfield>
</datafield>
<datafield ind1=" " ind2=" " tag="260">
<subfield code="a">Mannheim :</subfield>
<subfield code="b">Israelitische Gemeinde,</subfield>
<subfield code="c">1922-1938.</subfield>
</datafield>
<datafield ind1=" " ind2=" " tag="300">
<subfield code="a">1 online resource (volumes)</subfield>
</datafield>
<datafield ind1=" " ind2=" " tag="310">
<subfield code="a">Semimonthly,</subfield>
<subfield code="b">Feb. 1934-</subfield>
</datafield>
<datafield ind1=" " ind2=" " tag="321">
<subfield code="a">Monthly,</subfield>
<subfield code="b">Sept. 1922-Jan. 1934</subfield>
</datafield>
<datafield ind1="0" ind2=" " tag="362">
<subfield code="a">[Jahrg. 1 (1922)- Jg. 16, Nr. 21 (1938)?]</subfield>
</datafield>
<datafield ind1=" " ind2=" " tag="500">
<subfield code="a">Description based on: Jahrg. 4, Nr. 11 (25. Nov. 1926); caption title.</subfield>
</datafield>
<datafield ind1=" " ind2=" " tag="546">
<subfield code="a">German</subfield>
</datafield>
<datafield ind1=" " ind2=" " tag="500">
<subfield code="a">Latest issue consulted: Jahrg. 14, Nr. 17 (9. Sept. 1936).</subfield>
</datafield>
<datafield ind1=" " ind2=" " tag="500">
<subfield code="a">Title varies. Issues for Jahrg. 15, Nr. 15 (1937)-Jg. 16, Nr. 21 (1938) have the title: Jüdisches Gemeindeblatt für die israelitischen Gemeinden in Mannheim, Heidelberg und Ludwigshafen a. Rh.</subfield>
</datafield>
<datafield ind1=" " ind2=" " tag="500">
<subfield code="a">Subtitles vary. &lt; Jahrg. 6, Nr. 2 (Feb. 1928)- &gt; has the subtitle: offizielles Organ der israelitischen Gemeinden Mannheim und Ludwigshafen; &lt; Jahrg. 9, Nr. 4 (21. April 1931)- &gt; has the additional subtitle: badisches Gemeindeblatt; &lt; Jahrg. 14, Nr. 17 (9. Sept. 1936)- &gt; has the subtitle: offizielles Organ der Israel. Gemeinden Mannheim, Heidelberg und Ludwigshafen a. Rh. und des Verbandes der Israel. Kultusgemeinden der Pfalz.</subfield>
</datafield>
<datafield ind1=" " ind2=" " tag="500">
<subfield code="a">"Ausgabe A" is for the Jewish communities of Mannheim, Ludwigshafen, Heidelberg and the Palatinate. "Ausgabe B" is for other Jewish communities in Baden.</subfield>
</datafield>
<datafield ind1=" " ind2=" " tag="500">
<subfield code="a">Issues Jahrg. 6, Nr. 2 (22. Feb. 1928)- are "Ausgabe A."</subfield>
</datafield>
<datafield ind1=" " ind2=" " tag="500">
<subfield code="a">Imprint varies. &lt;Jahrg. 8 (1930)- &gt; Mannheim: Druck und Verlag: Handelsdruckerei Katz; &lt; Jahrg. 13 (1935), Nr. 5-13 (1935)- &gt; : Ludwigshafen, Rh. : Neubauer.</subfield>
</datafield>
<datafield ind1=" " ind2=" " tag="500">
<subfield code="a">Jahrg. 8 includes "Sonder-Ausgabe zur Einweihung der Claussynagoge" (5. März 1930).</subfield>
</datafield>
<datafield ind1=" " ind2=" " tag="500">
<subfield code="a">Jahrg. 9 includes: "Fest-Ausgabe" (8. Sept. 1931) and "Chanukah-Ausgabe" (4. Dez. 1931)</subfield>
</datafield>
<datafield ind1=" " ind2=" " tag="500">
<subfield code="a">Jahrg. 14, Nr. 17 is a special issue: "Sondernummer : Die Gemeinde Mannheim"</subfield>
</datafield>
<datafield ind1=" " ind2=" " tag="500">
<subfield code="a">Editors: Sept. 1922-Aug. 1925, I. Zlocisti; Sept. 1925-May 1935, Max Grünewald; June 1935-Sept. 9, 1936, Franz-Ludwig Auerbach; Sept. 23, 1936-Nov. 3, 1938, Kurt Berg</subfield>
</datafield>
<datafield ind1=" " ind2=" " tag="520">
<subfield code="a">The official newsletter of the Jewish community of Mannheim. The newsletter expanded to include communities in Ludwigshafen, Heidelberg and the Palatinate. A separate edition was published to include communities in Baden.</subfield>
</datafield>
<datafield ind1=" " ind2=" " tag="525">
<subfield code="a">Die Jugendgemeinde (1925-1927; 4.1928[?]) (Irregular)</subfield>
</datafield>
<datafield ind1=" " ind2="0" tag="650">
<subfield code="a">Jews</subfield>
<subfield code="z">Germany</subfield>
<subfield code="z">Mannheim</subfield>
<subfield code="v">Periodicals.</subfield>
</datafield>
<datafield ind1=" " ind2="0" tag="650">
<subfield code="a">Jews</subfield>
<subfield code="z">Germany</subfield>
<subfield code="z">Ludwigshafen am Rhein</subfield>
<subfield code="v">Periodicals.</subfield>
</datafield>
<datafield ind1=" " ind2="0" tag="650">
<subfield code="a">Jews</subfield>
<subfield code="z">Germany</subfield>
<subfield code="z">Heidelberg</subfield>
<subfield code="v">Periodicals.</subfield>
</datafield>
<datafield ind1=" " ind2="0" tag="650">
<subfield code="a">Jews</subfield>
<subfield code="z">Germany</subfield>
<subfield code="z">Palatinate</subfield>
<subfield code="v">Periodicals.</subfield>
</datafield>
<datafield ind1=" " ind2="0" tag="650">
<subfield code="a">Jews</subfield>
<subfield code="z">Germany</subfield>
<subfield code="z">Baden</subfield>
<subfield code="v">Periodicals.</subfield>
</datafield>
<datafield ind1=" " ind2="0" tag="650">
<subfield code="a">German-language periodicals</subfield>
<subfield code="5">CJH</subfield>
</datafield>
<datafield ind1=" " ind2="0" tag="650">
<subfield code="a">Jewish periodicals</subfield>
<subfield code="5">LBI</subfield>
</datafield>
<datafield ind1=" " ind2="0" tag="650">
<subfield code="a">Periodicals</subfield>
<subfield code="z">Germany</subfield>
<subfield code="5">LBI</subfield>
</datafield>
<datafield ind1=" " ind2="0" tag="650">
<subfield code="a">Periodicals</subfield>
<subfield code="z">Germany</subfield>
<subfield code="z">Mannheim.</subfield>
</datafield>
<datafield ind1=" " ind2="0" tag="650">
<subfield code="a">Periodicals</subfield>
<subfield code="z">Germany</subfield>
<subfield code="z">Ludwigshafen am Rhein.</subfield>
</datafield>
<datafield ind1=" " ind2="7" tag="655">
<subfield code="a">Periodicals</subfield>
<subfield code="2">cjh</subfield>
</datafield>
<datafield ind1=" " ind2="7" tag="655">
<subfield code="a">Newspapers</subfield>
<subfield code="2">cjh</subfield>
</datafield>
<datafield ind1="1" ind2=" " tag="770">
<subfield code="a">Die Jugendgemeinde (1925-1927; 4.1928[?])</subfield>
</datafield>
<datafield ind1="1" ind2=" " tag="700">
<subfield code="a">Zlocisti, I.</subfield>
<subfield code="5">LBI</subfield>
</datafield>
<datafield ind1="1" ind2=" " tag="700">
<subfield code="a">Gruenewald, Max,</subfield>
<subfield code="d">1899-1992</subfield>
<subfield code="5">LBI</subfield>
</datafield>
<datafield ind1="1" ind2=" " tag="700">
<subfield code="a">Auerbach, Frank L.</subfield>
<subfield code="q">(Frank Ludwig),</subfield>
<subfield code="d">1910-1964.</subfield>
<subfield code="5">LBI</subfield>
</datafield>
<datafield ind1="1" ind2=" " tag="700">
<subfield code="a">Berg, Kurt N</subfield>
<subfield code="d">1910-1960</subfield>
<subfield code="5">LBI</subfield>
</datafield>
<datafield ind1=" " ind2=" " tag="852">
<subfield code="a">Leo Baeck Institute</subfield>
<subfield code="b">LBI Library</subfield>
<subfield code="e">15 West 16th Street, New York, NY 10011</subfield>
<subfield code="h">B455</subfield>
</datafield>
<datafield ind1=" " ind2=" " tag="094">
<subfield code="a">B455</subfield>
</datafield>
<datafield ind1=" " ind2=" " tag="336">
<subfield code="a">text</subfield>
<subfield code="2">rdacontent</subfield>
</datafield>
<datafield ind1=" " ind2=" " tag="337">
<subfield code="a">computer</subfield>
<subfield code="2">rdamedia</subfield>
</datafield>
<datafield ind1=" " ind2=" " tag="338">
<subfield code="a">online resource</subfield>
<subfield code="2">rdacarrier</subfield>
</datafield>
<datafield ind1=" " ind2=" " tag="952">
<subfield code="a">NNLBI</subfield>
<subfield code="b">LBISE</subfield>
<subfield code="h">B455</subfield>
</datafield>
<datafield ind1=" " ind2=" " tag="SID">
<subfield code="a">Z39</subfield>
<subfield code="b">ALEPH_Z39</subfield>
</datafield>
<datafield ind2=" " ind1=" " tag="856"><subfield code="u">http://digital.cjh.org/webclient/DeliveryManager?pid=1956307&amp;custom_att_2=simple_viewer</subfield></datafield><datafield ind2=" " ind1=" " tag="856"><subfield code="x">
				http://digital.cjh.org/webclient/DeliveryManager?pid=1956308</subfield></datafield></record></metadata></record>