<record><header><identifier>oai:digital.cjh.org:2334828</identifier><datestamp>2015-03-10T18:40:43Z</datestamp><setSpec>LBI_periodicals</setSpec></header><metadata>
<record xmlns="http://www.loc.gov/MARC21/slim" xmlns:xsi="http://www.w3.org/2001/XMLSchema-instance" xsi:schemaLocation="http://www.loc.gov/MARC21/slim http://www.loc.gov/standards/marcxml/schema/MARC21slim.xsd">
<leader>03972cas a22006017a 4500</leader>
<controlfield tag="FMT">SE</controlfield>
<controlfield tag="001">004587999</controlfield>
<controlfield tag="003">NyNyCJH</controlfield>
<controlfield tag="005">20141003134807.0</controlfield>
<controlfield tag="008">890809d19131923pl wr n s     0    0ger d</controlfield>
<datafield ind1=" " ind2=" " tag="010">
<subfield code="a">sn 89029978</subfield>
</datafield>
<datafield ind1=" " ind2=" " tag="040">
<subfield code="a">NNLBI</subfield>
<subfield code="e">rda</subfield>
<subfield code="d">UtOrBLW</subfield>
</datafield>
<datafield ind1="0" ind2=" " tag="041">
<subfield code="a">ger</subfield>
</datafield>
<datafield ind1=" " ind2=" " tag="043">
<subfield code="a">e-pl---</subfield>
</datafield>
<datafield ind1=" " ind2=" " tag="050">
<subfield code="a">DS 135 G4 B66</subfield>
</datafield>
<datafield ind1="0" ind2=" " tag="130">
<subfield code="a">Jüdische Volkszeitung (Breslau, Germany)</subfield>
</datafield>
<datafield ind1="1" ind2="0" tag="245">
<subfield code="a">Jüdische Volkszeitung :</subfield>
<subfield code="b">unabhängiges Organ für die Interessen von Gemeinde, Schule und Haus /</subfield>
<subfield code="c">begründet und herausgegeben von Dr. Louis Neustadt in Breslau.</subfield>
</datafield>
<datafield ind1=" " ind2=" " tag="300">
<subfield code="a">1 online resource (volumes)</subfield>
</datafield>
<datafield ind1=" " ind2=" " tag="310">
<subfield code="a">Weekly</subfield>
</datafield>
<datafield ind1="0" ind2=" " tag="362">
<subfield code="a">Jahrgang 19, Nr. 27 (4. Juli 1913)-Jahrgang 27 (1921); Jahrgang 29 (1922)-Jahrgang 30, Nr. 33 (1. Sept. 1923).</subfield>
</datafield>
<datafield ind1=" " ind2=" " tag="583">
<subfield code="a">BSLW RDA ENRICHED</subfield>
</datafield>
<datafield ind1=" " ind2=" " tag="500">
<subfield code="a">Continued by: Jüdische Zeitung für Ostdeutschland (Jahrgang 1 [=Jahrgang 31], Nr. 1 (22. Feb. 1924)-Jahrgang 8=[Jahrgang 38] (1931)).</subfield>
</datafield>
<datafield ind1=" " ind2=" " tag="520">
<subfield code="a">"Jüdische Volkszeitung" was a newspaper for the Jewish communities in Breslau. They were published and edited by the historian and businessman Louis Neustadt. In 1896, when this newspaper was first published under the title "Jüdisches Volksblatt," it was considered to be politically neutral. Eventually, when its title changed to "Jüdische Zeitung für Ostdeutschland," the newspaper was considered to be a Zionist. (Source: Lowenthal, Ernst G. Juden in Preussen: ein biographisches Verzeichnis. Berlin: Bildarchiv Preußischer Kulturbesitz, 1981. "Presse, Jüdische." from Jüdisches Lexikon. Berlin: Jüdischer Verlag, 1930. Bd. 4/1, Tabelle I, VI and Tabelle II, p. XXIV, after column 1104)</subfield>
</datafield>
<datafield ind1=" " ind2=" " tag="546">
<subfield code="a">German</subfield>
</datafield>
<datafield ind1=" " ind2=" " tag="500">
<subfield code="a">Continued by: Jüdische Zeitung (Breslau, Germany : Jahrgang 39 (1932)-Jahrgang 44, Nr. 17 (1937)).</subfield>
</datafield>
<datafield ind1=" " ind2=" " tag="500">
<subfield code="a">Continues: Jüdisches Volksblatt (Breslau, Germany : Jahrgang [1.] (1896)-Jahrgang 19, Nr. 26 (27. Juni 1913))</subfield>
</datafield>
<datafield ind1=" " ind2=" " tag="500">
<subfield code="a">Not published from September 8, 1923 to February 15, 1924.</subfield>
</datafield>
<datafield ind1=" " ind2=" " tag="500">
<subfield code="a">Name of publisher varies. &lt; Jahrgang 22 (1916) &gt; has the publisher: Verlag der Zeitungs- und Annoncen-Expedition "Courier."</subfield>
</datafield>
<datafield ind1=" " ind2=" " tag="500">
<subfield code="a">Founded and until his death in Nov. 1918 edited by Louis Neustadt.</subfield>
</datafield>
<datafield ind1=" " ind2=" " tag="506">
<subfield code="a">Public access to digitized version or microfilm only</subfield>
</datafield>
<datafield ind1=" " ind2=" " tag="515">
<subfield code="a">Jahrgang 27 (1921) after Nr. 40 designated as Jahrgang. 28.</subfield>
</datafield>
<datafield ind1=" " ind2=" " tag="530">
<subfield code="a">Digital form available from Internet Archive</subfield>
</datafield>
<datafield ind1="1" ind2=" " tag="561">
<subfield code="a">Many issues for Jahrgang 22 stamped on title page: Central-Verein Deutscher Staatsbürger jüdischen Glaubens, Berlin.</subfield>
</datafield>
<datafield ind1=" " ind2=" " tag="588">
<subfield code="a">Description based on: Jahrgang. 22, Nr. 1 (7. Jan. 1916); caption title.</subfield>
</datafield>
<datafield ind1=" " ind2=" " tag="588">
<subfield code="a">Latest issue consulted: Jg. 22, Nr. 51 (28. Dez. 1916).</subfield>
</datafield>
<datafield ind1=" " ind2="0" tag="650">
<subfield code="a">Jews</subfield>
<subfield code="z">Poland</subfield>
<subfield code="z">Wrocław</subfield>
<subfield code="v">Periodicals.</subfield>
</datafield>
<datafield ind1=" " ind2="0" tag="650">
<subfield code="a">Jews, German</subfield>
<subfield code="z">Poland</subfield>
<subfield code="z">Wrocław</subfield>
<subfield code="v">Periodicals.</subfield>
</datafield>
<datafield ind1=" " ind2="0" tag="650">
<subfield code="a">Jewish periodicals.</subfield>
</datafield>
<datafield ind1=" " ind2="0" tag="650">
<subfield code="a">Periodicals</subfield>
<subfield code="z">Poland.</subfield>
</datafield>
<datafield ind1=" " ind2="0" tag="650">
<subfield code="a">Periodicals</subfield>
<subfield code="z">Poland</subfield>
<subfield code="z">Wrocław</subfield>
</datafield>
<datafield ind1=" " ind2="0" tag="651">
<subfield code="a">Wrocław (Poland)</subfield>
<subfield code="v">Newspapers.</subfield>
</datafield>
<datafield ind1=" " ind2="0" tag="650">
<subfield code="a">German-language periodicals</subfield>
<subfield code="5">CJH</subfield>
</datafield>
<datafield ind1=" " ind2="7" tag="655">
<subfield code="a">Periodicals</subfield>
<subfield code="2">cjh</subfield>
</datafield>
<datafield ind1=" " ind2="7" tag="655">
<subfield code="a">Newspapers</subfield>
<subfield code="2">cjh</subfield>
</datafield>
<datafield ind1="1" ind2=" " tag="700">
<subfield code="a">Neustadt, Louis,</subfield>
<subfield code="d">1859-1918</subfield>
</datafield>
<datafield ind1="0" ind2="0" tag="780">
<subfield code="a">Jüdisches Volksblatt (Breslau, Germany : Jahrgang [1.] (1896)-Jahrgang 19, Nr. 26 (27. Juni 1913))</subfield>
</datafield>
<datafield ind1="0" ind2="0" tag="785">
<subfield code="a">Jüdische Zeitung für Ostdeutschland (Breslau, Germany : Jahrgang 1 [=Jahrgang 31], Nr. 1 (22. Feb. 1924)-Jahrgang 8=[Jahrgang 38] (1931))</subfield>
</datafield>
<datafield ind1="0" ind2="0" tag="785">
<subfield code="a">Jüdische Zeitung (Breslau, Germany : Jahrgang 39 (1932)-Jahrgang 44, Nr. 17 (1937)).</subfield>
</datafield>
<datafield ind1=" " ind2=" " tag="852">
<subfield code="a">Leo Baeck Institute</subfield>
<subfield code="b">LBI Library</subfield>
<subfield code="e">15 West 16th Street, New York, NY 10011</subfield>
<subfield code="h">B234.1</subfield>
</datafield>
<datafield ind1=" " ind2=" " tag="094">
<subfield code="a">B234.1</subfield>
</datafield>
<datafield ind1=" " ind2="1" tag="264">
<subfield code="a">Breslau :</subfield>
<subfield code="b">Jüdische Volkszeitung,</subfield>
<subfield code="c">1913-1923.</subfield>
</datafield>
<datafield ind1=" " ind2=" " tag="336">
<subfield code="a">text</subfield>
<subfield code="2">rdacontent</subfield>
</datafield>
<datafield ind1=" " ind2=" " tag="337">
<subfield code="a">computer</subfield>
<subfield code="2">rdamedia</subfield>
</datafield>
<datafield ind1=" " ind2=" " tag="338">
<subfield code="a">online resource</subfield>
<subfield code="2">rdacarrier</subfield>
</datafield>
<datafield ind1=" " ind2=" " tag="SID">
<subfield code="a">Z39</subfield>
<subfield code="b">ALEPH_Z39</subfield>
</datafield>
<datafield ind2=" " ind1=" " tag="856"><subfield code="u">http://digital.cjh.org/webclient/DeliveryManager?pid=2334828&amp;custom_att_2=simple_viewer</subfield></datafield><datafield ind2=" " ind1=" " tag="856"><subfield code="x">
				http://digital.cjh.org/webclient/DeliveryManager?pid=2334829</subfield></datafield></record></metadata></record>