<record><header><identifier>oai:digital.cjh.org:1991304</identifier><datestamp>2015-03-10T18:40:44Z</datestamp><setSpec>LBI_periodicals</setSpec></header><metadata>
<record xmlns="http://www.loc.gov/MARC21/slim" xmlns:xsi="http://www.w3.org/2001/XMLSchema-instance" xsi:schemaLocation="http://www.loc.gov/MARC21/slim http://www.loc.gov/standards/marcxml/schema/MARC21slim.xsd">
<leader>03204nas a2200589 a 4500</leader>
<controlfield tag="FMT">SE</controlfield>
<controlfield tag="001">000280700</controlfield>
<controlfield tag="005">20140225110032.0</controlfield>
<controlfield tag="008">060206d19281929gw mr         0    0ger d</controlfield>
<datafield ind1=" " ind2=" " tag="040">
<subfield code="a">NNLBI</subfield>
</datafield>
<datafield ind1="0" ind2=" " tag="041">
<subfield code="a">ger</subfield>
</datafield>
<datafield ind1=" " ind2=" " tag="050">
<subfield code="a">DS 101</subfield>
</datafield>
<datafield ind1="0" ind2=" " tag="130">
<subfield code="a">Zelt (München, Germany)</subfield>
</datafield>
<datafield ind1="1" ind2="4" tag="245">
<subfield code="a">Das Zelt : Zeitschrift für die jüdische Jugend.</subfield>
</datafield>
<datafield ind1=" " ind2=" " tag="260">
<subfield code="a">München :</subfield>
<subfield code="b">Verlag B. Heller,</subfield>
<subfield code="c">1928-1929.</subfield>
</datafield>
<datafield ind1=" " ind2=" " tag="300">
<subfield code="a">1 online resource (2 volumes : illustrations) :</subfield>
</datafield>
<datafield ind1=" " ind2=" " tag="310">
<subfield code="a">Monthly.</subfield>
</datafield>
<datafield ind1="0" ind2=" " tag="362">
<subfield code="a">Jahrg. [1], Heft 1 (Jan. 1928)-Jg. [2], Heft 12 (Dez. 1929).</subfield>
</datafield>
<datafield ind1=" " ind2=" " tag="500">
<subfield code="a">Description based on: Jahrg. [1], Heft 1 (Jan. 1928); caption title.</subfield>
</datafield>
<datafield ind1=" " ind2=" " tag="520">
<subfield code="a">"Das Zelt" advertised itself as offering Jewish children positive Jewish values free from any political positioning. Its goal was to create an entrance to Jewish spiritual life through its articles, stories and puzzles. "Das Zelt" published articles about Jewish history throughout the ages and Jewish life all over the world, introducing children to a shared cultural heritage.</subfield>
</datafield>
<datafield ind1=" " ind2=" " tag="546">
<subfield code="a">German</subfield>
</datafield>
<datafield ind1=" " ind2=" " tag="500">
<subfield code="a">Latest issue consulted: Jahrg. [2], Heft 12 (Dez. 1929).</subfield>
</datafield>
<datafield ind1=" " ind2=" " tag="500">
<subfield code="a">Ceased with v. 2, no. 12.</subfield>
</datafield>
<datafield ind1=" " ind2=" " tag="500">
<subfield code="a">Edited by Jakob Seide and Alfred Heller.</subfield>
</datafield>
<datafield ind1=" " ind2=" " tag="500">
<subfield code="a">&lt; Jahrg. [1], Heft 5 (Mai 1928) &gt; "in Österreich für den Herausgeber Dr. Philipp Goldberger, Wien ... "</subfield>
</datafield>
<datafield ind1=" " ind2=" " tag="510">
<subfield code="a">Freimann, Aron. Katalog der Judaica und Hebraica</subfield>
<subfield code="c">p. 21. Eph. Jud. 129.</subfield>
</datafield>
<datafield ind1=" " ind2="0" tag="650">
<subfield code="a">Jewish children</subfield>
<subfield code="v">Periodicals.</subfield>
</datafield>
<datafield ind1=" " ind2="0" tag="650">
<subfield code="a">Judaism</subfield>
<subfield code="v">Periodicals</subfield>
<subfield code="x">Juvenile literature.</subfield>
</datafield>
<datafield ind1=" " ind2="0" tag="650">
<subfield code="a">Jews</subfield>
<subfield code="x">History</subfield>
<subfield code="v">Periodicals</subfield>
<subfield code="v">Juvenile literature.</subfield>
</datafield>
<datafield ind1=" " ind2="0" tag="650">
<subfield code="a">Jewish periodicals.</subfield>
</datafield>
<datafield ind1=" " ind2="0" tag="650">
<subfield code="a">German-language periodicals</subfield>
<subfield code="5">CJH</subfield>
</datafield>
<datafield ind1=" " ind2="0" tag="650">
<subfield code="a">Periodicals</subfield>
<subfield code="z">Germany.</subfield>
</datafield>
<datafield ind1=" " ind2="0" tag="650">
<subfield code="a">Periodicals</subfield>
<subfield code="z">Germany</subfield>
<subfield code="z">Munich.</subfield>
</datafield>
<datafield ind1=" " ind2="7" tag="655">
<subfield code="a">Periodicals</subfield>
<subfield code="2">cjh</subfield>
</datafield>
<datafield ind1=" " ind2="7" tag="655">
<subfield code="a">Magazines (Periodicals)</subfield>
<subfield code="2">cjh</subfield>
</datafield>
<datafield ind1="1" ind2=" " tag="700">
<subfield code="a">Seide, Jakob.</subfield>
</datafield>
<datafield ind1="1" ind2=" " tag="700">
<subfield code="a">Heller, Alfred,</subfield>
<subfield code="d">1886-1956</subfield>
</datafield>
<datafield ind1=" " ind2=" " tag="852">
<subfield code="a">Leo Baeck Institute</subfield>
<subfield code="b">LBI Library</subfield>
<subfield code="e">15 West 16th Street, New York, NY 10011</subfield>
<subfield code="h">B414</subfield>
</datafield>
<datafield ind1=" " ind2=" " tag="094">
<subfield code="a">B414</subfield>
</datafield>
<datafield ind1=" " ind2=" " tag="336">
<subfield code="a">text</subfield>
<subfield code="2">rdacontent</subfield>
</datafield>
<datafield ind1=" " ind2=" " tag="337">
<subfield code="a">computer</subfield>
<subfield code="2">rdamedia</subfield>
</datafield>
<datafield ind1=" " ind2=" " tag="338">
<subfield code="a">online resource</subfield>
<subfield code="2">rdacarrier</subfield>
</datafield>
<datafield ind2=" " ind1=" " tag="856"><subfield code="u">http://digital.cjh.org/webclient/DeliveryManager?pid=1991304&amp;custom_att_2=simple_viewer</subfield></datafield><datafield ind2=" " ind1=" " tag="856"><subfield code="x">
				http://digital.cjh.org/webclient/DeliveryManager?pid=1991305</subfield></datafield></record></metadata></record>