<record><header><identifier>oai:digital.cjh.org:1936811</identifier><datestamp>2015-03-10T18:40:44Z</datestamp><setSpec>LBI_periodicals</setSpec></header><metadata>
<record xmlns="http://www.loc.gov/MARC21/slim" xmlns:xsi="http://www.w3.org/2001/XMLSchema-instance" xsi:schemaLocation="http://www.loc.gov/MARC21/slim http://www.loc.gov/standards/marcxml/schema/MARC21slim.xsd">
<leader>03170nas a2200673 a 4500</leader>
<controlfield tag="FMT">SE</controlfield>
<controlfield tag="001">000280177</controlfield>
<controlfield tag="005">20130425100951.0</controlfield>
<controlfield tag="008">060206d19191920gw mr p s     0    0ger d</controlfield>
<datafield ind1=" " ind2=" " tag="040">
<subfield code="a">NNLBI</subfield>
</datafield>
<datafield ind1="0" ind2=" " tag="041">
<subfield code="a">ger</subfield>
</datafield>
<datafield ind1=" " ind2=" " tag="050">
<subfield code="a">JN 3961.5</subfield>
</datafield>
<datafield ind1="2" ind2=" " tag="110">
<subfield code="a">Verein der Beamten der jüdischen Gemeinde zu Berlin</subfield>
</datafield>
<datafield ind1="1" ind2="0" tag="245">
<subfield code="a">Jüdische Beamten-Zeitung /</subfield>
<subfield code="c">Organ des Vereins der Beamten der jüdischen Gemeinde zu Berlin.</subfield>
</datafield>
<datafield ind1=" " ind2=" " tag="260">
<subfield code="a">Berlin :</subfield>
<subfield code="b">Verlag : Vorstand des Vereins der Beamten der jüdischen Gemeinde zu Berlin,</subfield>
<subfield code="c">1919-[1920?].</subfield>
</datafield>
<datafield ind1=" " ind2=" " tag="300">
<subfield code="a">1 online resource (volumes)</subfield>
</datafield>
<datafield ind1=" " ind2=" " tag="310">
<subfield code="a">Monthly.</subfield>
</datafield>
<datafield ind1="1" ind2=" " tag="362">
<subfield code="a">[Jahrg. 1, Nr. 1 (1919)-Jg. 2 (1920)?].</subfield>
</datafield>
<datafield ind1=" " ind2=" " tag="500">
<subfield code="a">Description based on: Jahrg. 1 (Okt. 1919), Nr. 3; caption title.</subfield>
</datafield>
<datafield ind1=" " ind2=" " tag="520">
<subfield code="a">A magazine for Jewish officials, published by the organization of officials of the Jewish community of Berlin.</subfield>
</datafield>
<datafield ind1=" " ind2=" " tag="546">
<subfield code="a">German</subfield>
</datafield>
<datafield ind1=" " ind2=" " tag="583">
<subfield code="a">Recataloging - edited the record</subfield>
<subfield code="c">20130211</subfield>
<subfield code="k">tb</subfield>
</datafield>
<datafield ind1=" " ind2=" " tag="583">
<subfield code="a">Edited bib. record (300, 506, PRS fields); linked to microfilm record; updated HOL and item records</subfield>
<subfield code="c">20130321</subfield>
<subfield code="k">TC</subfield>
</datafield>
<datafield ind1=" " ind2=" " tag="590">
<subfield code="a">Library has v. 1, no. 3; v. 2, no. 2/3-4/5, 8.</subfield>
</datafield>
<datafield ind1=" " ind2=" " tag="500">
<subfield code="a">Latest issue consulted: Jahrg. 2 (Dez. 1920), Nr. 8.</subfield>
</datafield>
<datafield ind1=" " ind2=" " tag="590">
<subfield code="a">B26 and B175 had originally been separate. At some point, they were combined and the record for B175 was deleted. Since the titles of B26, B26.1 and B175 were all so distinct and there was no indication that B26 was the successor of B175, I separated these periodicals and returned B175 to its original call number.</subfield>
</datafield>
<datafield ind1=" " ind2=" " tag="500">
<subfield code="a">Edited by Leo Kreindler.</subfield>
</datafield>
<datafield ind1=" " ind2="0" tag="650">
<subfield code="a">Civil service</subfield>
<subfield code="z">Germany</subfield>
<subfield code="z">Berlin</subfield>
<subfield code="v">Periodicals.</subfield>
</datafield>
<datafield ind1="2" ind2="0" tag="610">
<subfield code="a">Verein der Beamten der Jüdischen Gemeinde zu Berlin</subfield>
<subfield code="v">Periodicals.</subfield>
</datafield>
<datafield ind1=" " ind2="0" tag="650">
<subfield code="a">Jews</subfield>
<subfield code="z">Germany</subfield>
<subfield code="z">Berlin</subfield>
<subfield code="x">Politics and government</subfield>
<subfield code="v">Periodicals.</subfield>
</datafield>
<datafield ind1=" " ind2="0" tag="650">
<subfield code="a">German-language periodicals</subfield>
<subfield code="5">CJH</subfield>
</datafield>
<datafield ind1=" " ind2="0" tag="650">
<subfield code="a">Jewish periodicals</subfield>
<subfield code="5">LBI</subfield>
</datafield>
<datafield ind1=" " ind2="0" tag="650">
<subfield code="a">Periodicals</subfield>
<subfield code="z">Germany</subfield>
<subfield code="5">LBI</subfield>
</datafield>
<datafield ind1=" " ind2="0" tag="650">
<subfield code="a">Periodicals</subfield>
<subfield code="z">Germany</subfield>
<subfield code="z">Berlin</subfield>
<subfield code="5">LBI</subfield>
</datafield>
<datafield ind1=" " ind2="0" tag="651">
<subfield code="a">Berlin (Germany).</subfield>
<subfield code="x">Officials and employees.</subfield>
</datafield>
<datafield ind1=" " ind2="7" tag="655">
<subfield code="a">Periodicals</subfield>
<subfield code="2">cjh</subfield>
</datafield>
<datafield ind1=" " ind2="7" tag="655">
<subfield code="a">Newsletters</subfield>
<subfield code="2">cjh</subfield>
</datafield>
<datafield ind1="1" ind2=" " tag="700">
<subfield code="a">Kreindler, Leo</subfield>
</datafield>
<datafield ind1=" " ind2=" " tag="852">
<subfield code="a">Leo Baeck Institute</subfield>
<subfield code="b">LBI Library</subfield>
<subfield code="e">15 West 16th Street, New York, N.Y. 10011</subfield>
<subfield code="h">B175</subfield>
</datafield>
<datafield ind1=" " ind2=" " tag="094">
<subfield code="a">B175</subfield>
</datafield>
<datafield ind1=" " ind2=" " tag="336">
<subfield code="a">text</subfield>
<subfield code="2">rdacontent</subfield>
</datafield>
<datafield ind1=" " ind2=" " tag="337">
<subfield code="a">computer</subfield>
<subfield code="2">rdamedia</subfield>
</datafield>
<datafield ind1=" " ind2=" " tag="338">
<subfield code="a">online resource</subfield>
<subfield code="2">rdacarrier</subfield>
</datafield>
<datafield ind2=" " ind1=" " tag="856"><subfield code="u">http://digital.cjh.org/webclient/DeliveryManager?pid=1936811&amp;custom_att_2=simple_viewer</subfield></datafield><datafield ind2=" " ind1=" " tag="856"><subfield code="x">
				http://digital.cjh.org/webclient/DeliveryManager?pid=1936812</subfield></datafield></record></metadata></record>