<record><header><identifier>oai:digital.cjh.org:1936790</identifier><datestamp>2015-03-10T18:40:44Z</datestamp><setSpec>LBI_periodicals</setSpec></header><metadata>
<record xmlns="http://www.loc.gov/MARC21/slim" xmlns:xsi="http://www.w3.org/2001/XMLSchema-instance" xsi:schemaLocation="http://www.loc.gov/MARC21/slim http://www.loc.gov/standards/marcxml/schema/MARC21slim.xsd">
<leader>02837nas a2200697 a 4500</leader>
<controlfield tag="FMT">SE</controlfield>
<controlfield tag="001">000280383</controlfield>
<controlfield tag="005">20130425100830.0</controlfield>
<controlfield tag="008">060206d19341938au mr p       0    0ger d</controlfield>
<datafield ind1=" " ind2=" " tag="040">
<subfield code="a">NNLBI</subfield>
</datafield>
<datafield ind1="0" ind2=" " tag="041">
<subfield code="a">ger</subfield>
</datafield>
<datafield ind1=" " ind2=" " tag="050">
<subfield code="a">R 694</subfield>
</datafield>
<datafield ind1="2" ind2=" " tag="110">
<subfield code="a">Vereinigung jüdischer Ärzte (Vienna, Austria)</subfield>
</datafield>
<datafield ind1="1" ind2="0" tag="245">
<subfield code="a">Mitteilungsblatt der Vereinigung Jüdischer Ärzte :</subfield>
<subfield code="b">offizielles Organ.</subfield>
</datafield>
<datafield ind1="1" ind2="0" tag="247">
<subfield code="a">Mitteilungen der Vereinigung jüdischer Ärzte in Wien</subfield>
</datafield>
<datafield ind1=" " ind2=" " tag="260">
<subfield code="a">Wien :</subfield>
<subfield code="b">Verleger und verantwortlicher Schriftleiter : Paul Goldberg,</subfield>
<subfield code="c">[1934?]-[1938?].</subfield>
</datafield>
<datafield ind1=" " ind2=" " tag="300">
<subfield code="a">1 online resource (volumes)</subfield>
</datafield>
<datafield ind1=" " ind2=" " tag="310">
<subfield code="a">Monthly.</subfield>
</datafield>
<datafield ind1="0" ind2=" " tag="362">
<subfield code="a">[Jahrg. 1.] (1934)-Jg. 5 (1938).</subfield>
</datafield>
<datafield ind1=" " ind2=" " tag="500">
<subfield code="a">Published and edited by Paul Goldberg</subfield>
</datafield>
<datafield ind1=" " ind2=" " tag="520">
<subfield code="a">A bulletin published for an Austrian association of Jewish doctors.</subfield>
</datafield>
<datafield ind1=" " ind2=" " tag="546">
<subfield code="a">German</subfield>
</datafield>
<datafield ind1=" " ind2=" " tag="583">
<subfield code="a">Recataloging - edited record to CONSER standards</subfield>
<subfield code="c">20130207</subfield>
<subfield code="k">tb</subfield>
</datafield>
<datafield ind1=" " ind2=" " tag="590">
<subfield code="a">Some bibliographic information was taken from the Austrian National Library's catalog.</subfield>
</datafield>
<datafield ind1=" " ind2=" " tag="500">
<subfield code="a">Earlier issues have the title: Mitteilungen der Vereinigung jüdischer Ärzte in Wien.</subfield>
</datafield>
<datafield ind1=" " ind2="0" tag="650">
<subfield code="a">Jewish physicians</subfield>
<subfield code="z">Austria</subfield>
<subfield code="v">Periodicals.</subfield>
</datafield>
<datafield ind1=" " ind2="0" tag="650">
<subfield code="a">Jewish periodicals</subfield>
<subfield code="5">LBI</subfield>
</datafield>
<datafield ind1=" " ind2="0" tag="650">
<subfield code="a">German-language periodicals</subfield>
<subfield code="5">CJH</subfield>
</datafield>
<datafield ind1=" " ind2="0" tag="650">
<subfield code="a">Periodicals</subfield>
<subfield code="z">Austria</subfield>
<subfield code="5">LBI</subfield>
</datafield>
<datafield ind1=" " ind2="0" tag="650">
<subfield code="a">Periodicals</subfield>
<subfield code="z">Austria</subfield>
<subfield code="z">Vienna</subfield>
<subfield code="5">LBI</subfield>
</datafield>
<datafield ind1="2" ind2="0" tag="610">
<subfield code="a">Vereinigung Jüdischer Ärzte (Vienna, Austria)</subfield>
<subfield code="v">Periodicals.</subfield>
</datafield>
<datafield ind1=" " ind2="7" tag="655">
<subfield code="a">Periodicals</subfield>
<subfield code="2">cjh</subfield>
</datafield>
<datafield ind1=" " ind2="7" tag="655">
<subfield code="a">Newsletters</subfield>
<subfield code="2">cjh</subfield>
</datafield>
<datafield ind1="1" ind2=" " tag="700">
<subfield code="a">Goldberg, Paul.</subfield>
</datafield>
<datafield ind1=" " ind2=" " tag="852">
<subfield code="a">Leo Baeck Institute</subfield>
<subfield code="b">LBI Library</subfield>
<subfield code="e">15 West 16th Street, New York, N.Y. 10011</subfield>
<subfield code="h">B382</subfield>
</datafield>
<datafield ind1=" " ind2=" " tag="094">
<subfield code="a">B382</subfield>
</datafield>
<datafield ind1=" " ind2=" " tag="336">
<subfield code="a">text</subfield>
<subfield code="2">rdacontent</subfield>
</datafield>
<datafield ind1=" " ind2=" " tag="337">
<subfield code="a">computer</subfield>
<subfield code="2">rdamedia</subfield>
</datafield>
<datafield ind1=" " ind2=" " tag="338">
<subfield code="a">online resource</subfield>
<subfield code="2">rdacarrier</subfield>
</datafield>
<datafield ind1=" " ind2=" " tag="952">
<subfield code="a">NNLBI</subfield>
<subfield code="b">LBISE</subfield>
<subfield code="h">B382</subfield>
</datafield>
<datafield ind1=" " ind2=" " tag="SID">
<subfield code="a">Z39</subfield>
<subfield code="b">ALEPH_Z39</subfield>
</datafield>
<datafield ind2=" " ind1=" " tag="856"><subfield code="u">http://digital.cjh.org/webclient/DeliveryManager?pid=1936790&amp;custom_att_2=simple_viewer</subfield></datafield><datafield ind2=" " ind1=" " tag="856"><subfield code="x">
				http://digital.cjh.org/webclient/DeliveryManager?pid=1936791</subfield></datafield></record></metadata></record>