<record><header><identifier>oai:digital.cjh.org:1937189</identifier><datestamp>2015-03-10T18:40:44Z</datestamp><setSpec>LBI_periodicals</setSpec></header><metadata>
<record xmlns="http://www.loc.gov/MARC21/slim" xmlns:xsi="http://www.w3.org/2001/XMLSchema-instance" xsi:schemaLocation="http://www.loc.gov/MARC21/slim http://www.loc.gov/standards/marcxml/schema/MARC21slim.xsd">
<leader>03452nas a2200781 a 4500</leader>
<controlfield tag="FMT">SE</controlfield>
<controlfield tag="001">000280403</controlfield>
<controlfield tag="005">20130425101442.0</controlfield>
<controlfield tag="008">080909d19251926gw mr p s     0    0ger d</controlfield>
<datafield ind1=" " ind2=" " tag="040">
<subfield code="a">NNLBI</subfield>
</datafield>
<datafield ind1="0" ind2=" " tag="041">
<subfield code="a">ger</subfield>
<subfield code="a">heb</subfield>
</datafield>
<datafield ind1=" " ind2=" " tag="050">
<subfield code="a">DS 149 A1</subfield>
</datafield>
<datafield ind1=" " ind2=" " tag="066">
<subfield code="c">(2</subfield>
</datafield>
<datafield ind1="0" ind2=" " tag="130">
<subfield code="a">Moriah (Frankfurt am Main, Germany : 1925-1926)</subfield>
</datafield>
<datafield ind1="1" ind2="0" tag="245">
<subfield code="a">Moriah : Zeitschrift für den Aufbau von Erez Jisroel im Geiste der Thora /</subfield>
<subfield code="c">herausgegeben von der Habajis-Heimstättengesellschaft M.B.H.</subfield>
</datafield>
<datafield ind1="1" ind2="1" tag="246">
<subfield code="a">Moriah : Monatsschrift für den Aufbau von Erez Jisroel im Geiste der Thora</subfield>
<subfield code="f">(Jahrg. 1, Heft 2 (März 1925)-)</subfield>
</datafield>
<datafield ind1="1" ind2="3" tag="246">
<subfield code="6">01</subfield>
<subfield code="a">מוריה</subfield>
</datafield>
<datafield ind1="1" ind2="3" tag="246">
<subfield code="6">01</subfield>
<subfield code="a">Moriyah</subfield>
</datafield>
<datafield ind1=" " ind2=" " tag="260">
<subfield code="a">Frankurt-M. [Frankfurt am Main] :</subfield>
<subfield code="b">herausgegeben von der Habajis-Heimstättengesellschaft M.B.H.,</subfield>
<subfield code="c">1925-1926.</subfield>
</datafield>
<datafield ind1=" " ind2=" " tag="300">
<subfield code="a">1 online resource (volumes) : illustrations, portraits</subfield>
</datafield>
<datafield ind1=" " ind2=" " tag="310">
<subfield code="a">monthly</subfield>
</datafield>
<datafield ind1="0" ind2=" " tag="362">
<subfield code="a">Jahrg. 1, Heft 1 (1925)-Jg. 2, Heft 3/4 (1926).</subfield>
</datafield>
<datafield ind1=" " ind2=" " tag="500">
<subfield code="a">Added title page in Hebrew.</subfield>
</datafield>
<datafield ind1=" " ind2=" " tag="520">
<subfield code="a">A monthly magazine dedicated to colonizing the Land of Israel in the spirit of Orthodox Judaism.</subfield>
</datafield>
<datafield ind1=" " ind2=" " tag="546">
<subfield code="a">German</subfield>
</datafield>
<datafield ind1=" " ind2=" " tag="583">
<subfield code="a">Recataloging - Edited bib record (300, 310, PRS fields); updated item and HOL records.</subfield>
<subfield code="k">tc</subfield>
</datafield>
<datafield ind1=" " ind2=" " tag="583">
<subfield code="a">edited bib. record (300, 506, PRS fields); linked to microfilm record; updated HOL and item records</subfield>
<subfield code="c">20130402</subfield>
<subfield code="k">TC</subfield>
</datafield>
<datafield ind1=" " ind2=" " tag="500">
<subfield code="a">Description based on: Jahrg. 1, Heft 1 (15. Feb. 1925); caption title.</subfield>
</datafield>
<datafield ind1=" " ind2=" " tag="500">
<subfield code="a">Latest issue consulted: Jahrg. 1, Heft 11/12 (Dezember 1925).</subfield>
</datafield>
<datafield ind1=" " ind2=" " tag="500">
<subfield code="a">Subtitle varies. Jahrg. 1, Heft 2 (März 1925)- has the subtitle: Monatsschrift für den Aufbau von Erez Jisroel im Geiste der Thora.</subfield>
</datafield>
<datafield ind1=" " ind2=" " tag="500">
<subfield code="a">Edited by J. Landau</subfield>
</datafield>
<datafield ind1=" " ind2=" " tag="500">
<subfield code="a">German and Hebrew</subfield>
</datafield>
<datafield ind1=" " ind2="0" tag="650">
<subfield code="a">German-language periodicals</subfield>
<subfield code="5">CJH</subfield>
</datafield>
<datafield ind1=" " ind2="0" tag="650">
<subfield code="a">Jewish periodicals</subfield>
<subfield code="5">LBI</subfield>
</datafield>
<datafield ind1=" " ind2="0" tag="650">
<subfield code="a">Periodicals</subfield>
<subfield code="z">Germany</subfield>
<subfield code="5">LBI</subfield>
</datafield>
<datafield ind1=" " ind2="0" tag="650">
<subfield code="a">Periodicals</subfield>
<subfield code="z">Germany</subfield>
<subfield code="z">Frankfurt am Main</subfield>
</datafield>
<datafield ind1=" " ind2="0" tag="650">
<subfield code="a">Orthodox Judaism</subfield>
<subfield code="v">Periodicals</subfield>
</datafield>
<datafield ind1=" " ind2="0" tag="650">
<subfield code="a">Zionism</subfield>
<subfield code="v">Periodicals</subfield>
</datafield>
<datafield ind1=" " ind2="7" tag="655">
<subfield code="a">Periodicals</subfield>
<subfield code="2">cjh</subfield>
</datafield>
<datafield ind1=" " ind2="7" tag="655">
<subfield code="a">Magazines (Periodicals)</subfield>
<subfield code="2">cjh</subfield>
</datafield>
<datafield ind1="2" ind2=" " tag="710">
<subfield code="a">Habajis-Heimstättengesellschaft.</subfield>
</datafield>
<datafield ind1="1" ind2=" " tag="700">
<subfield code="a">Landau, J.</subfield>
</datafield>
<datafield ind1=" " ind2=" " tag="852">
<subfield code="a">Leo Baeck Institute</subfield>
<subfield code="b">LBI Library</subfield>
<subfield code="e">15 West 16th Street, New York, N.Y. 10011</subfield>
<subfield code="h">B302</subfield>
</datafield>
<datafield ind1=" " ind2=" " tag="094">
<subfield code="a">B302</subfield>
</datafield>
<datafield ind1=" " ind2=" " tag="336">
<subfield code="a">text</subfield>
<subfield code="2">rdacontent</subfield>
</datafield>
<datafield ind1=" " ind2=" " tag="337">
<subfield code="a">unmediated</subfield>
<subfield code="2">rdamedia</subfield>
</datafield>
<datafield ind1=" " ind2=" " tag="338">
<subfield code="a">volume</subfield>
<subfield code="2">rdacarrier</subfield>
</datafield>
<datafield ind1=" " ind2=" " tag="952">
<subfield code="a">NNLBI</subfield>
<subfield code="b">LBISE</subfield>
<subfield code="h">B302</subfield>
</datafield>
<datafield ind1=" " ind2=" " tag="SID">
<subfield code="a">Z39</subfield>
<subfield code="b">ALEPH_Z39</subfield>
</datafield>
<datafield ind2=" " ind1=" " tag="856"><subfield code="u">http://digital.cjh.org/webclient/DeliveryManager?pid=1937189&amp;custom_att_2=simple_viewer</subfield></datafield><datafield ind2=" " ind1=" " tag="856"><subfield code="x">
				http://digital.cjh.org/webclient/DeliveryManager?pid=1937188</subfield></datafield></record></metadata></record>