<record><header><identifier>oai:digital.cjh.org:1937187</identifier><datestamp>2015-03-10T18:40:44Z</datestamp><setSpec>LBI_periodicals</setSpec></header><metadata>
<record xmlns="http://www.loc.gov/MARC21/slim" xmlns:xsi="http://www.w3.org/2001/XMLSchema-instance" xsi:schemaLocation="http://www.loc.gov/MARC21/slim http://www.loc.gov/standards/marcxml/schema/MARC21slim.xsd">
<leader>03222nas a2200781 a 4500</leader>
<controlfield tag="FMT">SE</controlfield>
<controlfield tag="001">000279877</controlfield>
<controlfield tag="005">20130425101511.0</controlfield>
<controlfield tag="008">060206d19221923gw wr p s     0    0ger d</controlfield>
<datafield ind1=" " ind2=" " tag="040">
<subfield code="a">NNLBI</subfield>
</datafield>
<datafield ind1="0" ind2=" " tag="041">
<subfield code="a">ger</subfield>
</datafield>
<datafield ind1=" " ind2=" " tag="050">
<subfield code="a">DS 149 A12</subfield>
</datafield>
<datafield ind1="2" ind2=" " tag="110">
<subfield code="a">Berliner Zionistische Vereinigung.</subfield>
</datafield>
<datafield ind1="1" ind2="4" tag="245">
<subfield code="a">Die B. Z. V. : Nachrichtenblatt der Berliner Zionistischen Vereinigung.</subfield>
</datafield>
<datafield ind1="1" ind2="1" tag="246">
<subfield code="a">BZV</subfield>
</datafield>
<datafield ind1="1" ind2="3" tag="246">
<subfield code="a">Berliner Zionistische Vereinigung Nachrichtenblatt</subfield>
</datafield>
<datafield ind1="1" ind2="3" tag="246">
<subfield code="a">Nachrichtenblatt der Berliner Zionistischen Vereinigung</subfield>
</datafield>
<datafield ind1=" " ind2=" " tag="260">
<subfield code="a">Berlin :</subfield>
<subfield code="b">Berliner Zionistische Vereinigung,</subfield>
<subfield code="c">1922-1923.</subfield>
</datafield>
<datafield ind1=" " ind2=" " tag="300">
<subfield code="a">1 online resource (volumes)</subfield>
</datafield>
<datafield ind1=" " ind2=" " tag="310">
<subfield code="a">Weekly.</subfield>
</datafield>
<datafield ind1="0" ind2=" " tag="362">
<subfield code="a">Jg. 1 (1922)-Jg. 2 (1923).</subfield>
</datafield>
<datafield ind1=" " ind2=" " tag="500">
<subfield code="a">Description based: Jahrg. 1 (1922), Nr. 2; caption title.</subfield>
</datafield>
<datafield ind1=" " ind2=" " tag="520">
<subfield code="a">The bulletin of the Berlin Zionist Organization.</subfield>
</datafield>
<datafield ind1=" " ind2=" " tag="546">
<subfield code="a">German</subfield>
</datafield>
<datafield ind1=" " ind2=" " tag="583">
<subfield code="a">Cataloging</subfield>
<subfield code="c">20130211</subfield>
<subfield code="k">tb</subfield>
</datafield>
<datafield ind1=" " ind2=" " tag="583">
<subfield code="a">edited. bib. record (300, 506, PRS fields); linked to microfilm record; updated HOL and item records</subfield>
<subfield code="c">20130402</subfield>
<subfield code="k">TC</subfield>
</datafield>
<datafield ind1=" " ind2=" " tag="590">
<subfield code="a">6/13/2012 (tb) Holdings. Hebrew Union College does not specify holdings. National Library of Israel: 1-2,1922-1923 / not for loan.</subfield>
</datafield>
<datafield ind1=" " ind2=" " tag="500">
<subfield code="a">Latest issue consulted: Jahrg. 1 (1922), No. 49/50.</subfield>
</datafield>
<datafield ind1=" " ind2=" " tag="500">
<subfield code="a">Editors: &lt; -Apr. 9, 1922&gt;, Max Kurz; Apr. 16, 1922-&lt; Dec. 24, 1922 &gt;, Werner Bab.</subfield>
</datafield>
<datafield ind1=" " ind2=" " tag="590">
<subfield code="a">Some bibliographic information taken from OCLC.</subfield>
</datafield>
<datafield ind1=" " ind2=" " tag="500">
<subfield code="a">Library has v. 1, no. 2-26, 29-38, 41-45, 47-50.</subfield>
</datafield>
<datafield ind1=" " ind2="0" tag="650">
<subfield code="a">Zionism</subfield>
<subfield code="z">Germany</subfield>
<subfield code="z">Berlin</subfield>
<subfield code="v">Periodicals.</subfield>
</datafield>
<datafield ind1="2" ind2="0" tag="610">
<subfield code="a">Berliner Zionistische Vereinigung.</subfield>
<subfield code="v">Periodicals.</subfield>
</datafield>
<datafield ind1=" " ind2="0" tag="650">
<subfield code="a">Jews</subfield>
<subfield code="z">Germany</subfield>
<subfield code="z">Berlin</subfield>
<subfield code="v">Periodicals.</subfield>
</datafield>
<datafield ind1=" " ind2="0" tag="650">
<subfield code="a">German-language periodicals</subfield>
<subfield code="5">CJH</subfield>
</datafield>
<datafield ind1=" " ind2="0" tag="650">
<subfield code="a">Jewish periodicals</subfield>
</datafield>
<datafield ind1=" " ind2="0" tag="650">
<subfield code="a">Periodicals</subfield>
<subfield code="z">Germany</subfield>
</datafield>
<datafield ind1=" " ind2="0" tag="650">
<subfield code="a">Periodicals</subfield>
<subfield code="z">Germany</subfield>
<subfield code="z">Berlin</subfield>
</datafield>
<datafield ind1=" " ind2="7" tag="655">
<subfield code="a">Periodicals</subfield>
<subfield code="2">cjh</subfield>
</datafield>
<datafield ind1=" " ind2="7" tag="655">
<subfield code="a">Newsletters</subfield>
<subfield code="2">cjh</subfield>
</datafield>
<datafield ind1="1" ind2=" " tag="700">
<subfield code="a">Kurz, Max.</subfield>
</datafield>
<datafield ind1="1" ind2=" " tag="700">
<subfield code="a">Bab, Werner.</subfield>
</datafield>
<datafield ind1=" " ind2=" " tag="852">
<subfield code="a">Leo Baeck Institute</subfield>
<subfield code="b">LBI Library</subfield>
<subfield code="e">15 West 16th Street, New York, N.Y., 10011</subfield>
<subfield code="h">B47</subfield>
</datafield>
<datafield ind1=" " ind2=" " tag="094">
<subfield code="a">B47</subfield>
</datafield>
<datafield ind1=" " ind2=" " tag="336">
<subfield code="a">text</subfield>
<subfield code="2">rdacontent</subfield>
</datafield>
<datafield ind1=" " ind2=" " tag="337">
<subfield code="a">computer</subfield>
<subfield code="2">rdamedia</subfield>
</datafield>
<datafield ind1=" " ind2=" " tag="338">
<subfield code="a">online resource</subfield>
<subfield code="2">rdacarrier</subfield>
</datafield>
<datafield ind2=" " ind1=" " tag="856"><subfield code="u">http://digital.cjh.org/webclient/DeliveryManager?pid=1937187&amp;custom_att_2=simple_viewer</subfield></datafield><datafield ind2=" " ind1=" " tag="856"><subfield code="x">
				http://digital.cjh.org/webclient/DeliveryManager?pid=1937186</subfield></datafield></record></metadata></record>