<record><header><identifier>oai:digital.cjh.org:1991314</identifier><datestamp>2015-03-10T18:40:44Z</datestamp><setSpec>LBI_periodicals</setSpec></header><metadata>
<record xmlns="http://www.loc.gov/MARC21/slim" xmlns:xsi="http://www.w3.org/2001/XMLSchema-instance" xsi:schemaLocation="http://www.loc.gov/MARC21/slim http://www.loc.gov/standards/marcxml/schema/MARC21slim.xsd">
<leader>02989nas a2200529 a 4500</leader>
<controlfield tag="FMT">SE</controlfield>
<controlfield tag="001">000280199</controlfield>
<controlfield tag="005">20130301134038.0</controlfield>
<controlfield tag="008">060206d19271938gw br p s     0    0ger d</controlfield>
<datafield ind1=" " ind2=" " tag="040">
<subfield code="a">NNLBI</subfield>
</datafield>
<datafield ind1="0" ind2=" " tag="041">
<subfield code="a">ger</subfield>
</datafield>
<datafield ind1=" " ind2=" " tag="050">
<subfield code="a">BM 658.2</subfield>
</datafield>
<datafield ind1="0" ind2=" " tag="130">
<subfield code="a">Jüdischer Kantor (Hamburg, Germany : 1927-1938)</subfield>
</datafield>
<datafield ind1="1" ind2="4" tag="245">
<subfield code="a">Der Jüdische Kantor : Zweimonatsschrift des Allgemeinen Deutschen Kantoren-Verbandes /</subfield>
<subfield code="c">Verantwortlicher Redakteur: Leon Kornitzer.</subfield>
</datafield>
<datafield ind1=" " ind2=" " tag="260">
<subfield code="a">Hamburg :</subfield>
<subfield code="b">Allgemeiner Deutscher Kantoren-Verband,</subfield>
<subfield code="c">1927-1938.</subfield>
</datafield>
<datafield ind1=" " ind2=" " tag="300">
<subfield code="a">1 online resource (volumes : music)</subfield>
</datafield>
<datafield ind1=" " ind2=" " tag="310">
<subfield code="a">Once every two months.</subfield>
</datafield>
<datafield ind1="0" ind2=" " tag="362">
<subfield code="a">1. Jahrg., Nr. 1 (Apr. 1927)-12. Jg., Nr. 1 (Aug. 1938).</subfield>
</datafield>
<datafield ind1=" " ind2=" " tag="500">
<subfield code="a">Description based on: Jahrg. 1, Nr. 1 (April 1927); caption title.</subfield>
</datafield>
<datafield ind1=" " ind2=" " tag="506">
<subfield code="a">Fragile pages. Consult librarian.</subfield>
</datafield>
<datafield ind1=" " ind2=" " tag="546">
<subfield code="a">German</subfield>
</datafield>
<datafield ind1=" " ind2=" " tag="500">
<subfield code="a">Latest issue consulted: Jahrg. 11, Nr. 3 (November 1937).</subfield>
</datafield>
<datafield ind1=" " ind2=" " tag="500">
<subfield code="a">"Erscheint am 1. jeden zweiten Monats mit einer Musik-Beilage."</subfield>
</datafield>
<datafield ind1=" " ind2=" " tag="500">
<subfield code="a">The LBI Library's issues are missing many of the musical and scientific supplements.</subfield>
</datafield>
<datafield ind1=" " ind2=" " tag="500">
<subfield code="a">Author statement varies. Issues &lt; Jahrg. 7, Nr. 1 &gt;- include the author statement: "Vereinigung Jüdischer Kantoren." Issues &lt; Jahrg. 11, Nr. 1 &gt;- have the author statement: "Vereinigung Jüdischer Kantoren in Deutschland."</subfield>
</datafield>
<datafield ind1=" " ind2=" " tag="500">
<subfield code="a">Includes the pamphlet: Jüdisch-liturgische Musik in der National- und Universitätsbibliothek zu Jerusalem / nach dem Zettelkatalog zusammengestellt von Leon Kornitzer. [no date]</subfield>
</datafield>
<datafield ind1=" " ind2=" " tag="520">
<subfield code="a">A newsletter for the organization of Jewish cantors in Germany.</subfield>
</datafield>
<datafield ind1=" " ind2=" " tag="525">
<subfield code="a">Has scientific and musical supplements.</subfield>
</datafield>
<datafield ind1=" " ind2="0" tag="650">
<subfield code="a">Cantors (Judaism)</subfield>
<subfield code="z">Germany</subfield>
<subfield code="v">Periodicals.</subfield>
</datafield>
<datafield ind1=" " ind2="0" tag="650">
<subfield code="a">Jews</subfield>
<subfield code="x">Music</subfield>
<subfield code="z">Germany</subfield>
<subfield code="v">Periodicals.</subfield>
</datafield>
<datafield ind1=" " ind2="0" tag="650">
<subfield code="a">German-language periodicals</subfield>
<subfield code="5">CJH</subfield>
</datafield>
<datafield ind1=" " ind2="0" tag="650">
<subfield code="a">Jewish periodicals</subfield>
<subfield code="5">LBI</subfield>
</datafield>
<datafield ind1=" " ind2="0" tag="650">
<subfield code="a">Periodicals</subfield>
<subfield code="z">Germany</subfield>
</datafield>
<datafield ind1=" " ind2="0" tag="650">
<subfield code="a">Periodicals</subfield>
<subfield code="z">Germany</subfield>
<subfield code="z">Hamburg</subfield>
</datafield>
<datafield ind1=" " ind2="7" tag="655">
<subfield code="a">Periodicals</subfield>
<subfield code="2">cjh</subfield>
</datafield>
<datafield ind1=" " ind2="7" tag="655">
<subfield code="a">Newsletters</subfield>
<subfield code="2">cjh</subfield>
</datafield>
<datafield ind1="2" ind2=" " tag="710">
<subfield code="a">Allgemeiner Deutscher Kantoren-Verband.</subfield>
</datafield>
<datafield ind1="0" ind2=" " tag="740">
<subfield code="a">Jüdisch-liturgische Musik in der National- und Universitätsbibliothek zu Jerusalem nach dem Zettelkatalog zusammengestellt von Leon Kornitzer.</subfield>
</datafield>
<datafield ind1="1" ind2=" " tag="700">
<subfield code="a">Kornitzer, Leon,</subfield>
<subfield code="d">1875-1947</subfield>
</datafield>
<datafield ind1=" " ind2=" " tag="852">
<subfield code="a">Leo Baeck Institute</subfield>
<subfield code="b">LBI Library</subfield>
<subfield code="e">15 West 16th Street, New York, NY 10011</subfield>
<subfield code="h">B207</subfield>
</datafield>
<datafield ind1=" " ind2=" " tag="094">
<subfield code="a">B207</subfield>
</datafield>
<datafield ind1=" " ind2=" " tag="336">
<subfield code="a">text</subfield>
<subfield code="2">rdacontent</subfield>
</datafield>
<datafield ind1=" " ind2=" " tag="337">
<subfield code="a">computer</subfield>
<subfield code="2">rdamedia</subfield>
</datafield>
<datafield ind1=" " ind2=" " tag="338">
<subfield code="a">online resource</subfield>
<subfield code="2">rdacarrier</subfield>
</datafield>
<datafield ind2=" " ind1=" " tag="856"><subfield code="u">http://digital.cjh.org/webclient/DeliveryManager?pid=1991314&amp;custom_att_2=simple_viewer</subfield></datafield><datafield ind2=" " ind1=" " tag="856"><subfield code="x">
				http://digital.cjh.org/webclient/DeliveryManager?pid=1991315</subfield></datafield></record></metadata></record>