<record><header><identifier>oai:digital.cjh.org:1954029</identifier><datestamp>2015-03-10T18:40:44Z</datestamp><setSpec>LBI_periodicals</setSpec></header><metadata>
<record xmlns="http://www.loc.gov/MARC21/slim" xmlns:xsi="http://www.w3.org/2001/XMLSchema-instance" xsi:schemaLocation="http://www.loc.gov/MARC21/slim http://www.loc.gov/standards/marcxml/schema/MARC21slim.xsd">
<leader>03840nas a2200757 a 4500</leader>
<controlfield tag="FMT">SE</controlfield>
<controlfield tag="001">000280219</controlfield>
<controlfield tag="005">20130301135418.0</controlfield>
<controlfield tag="008">080825d19191933gw wr1n s     0    0ger d</controlfield>
<datafield ind1=" " ind2=" " tag="040">
<subfield code="d">NNLBI</subfield>
</datafield>
<datafield ind1="0" ind2=" " tag="041">
<subfield code="a">ger</subfield>
</datafield>
<datafield ind1=" " ind2=" " tag="050">
<subfield code="a">DS 135 C96 B72</subfield>
</datafield>
<datafield ind1="0" ind2=" " tag="130">
<subfield code="a">Jüdische Volkszeitung (Bratislava, Slovakia)</subfield>
</datafield>
<datafield ind1="1" ind2="0" tag="245">
<subfield code="a">Jüdische Volkszeitung : unabhängiges Organ für die politischen, wirtschaftlichen und sozialen Interessen der Juden in der Slovakei.</subfield>
</datafield>
<datafield ind1=" " ind2=" " tag="260">
<subfield code="a">Bratislava :</subfield>
<subfield code="b">Herausgeber: Volksverband der Juden für die Slovakei,</subfield>
<subfield code="c">[1919-1933?].</subfield>
</datafield>
<datafield ind1=" " ind2=" " tag="300">
<subfield code="a">1 online resource (8 volumes)</subfield>
</datafield>
<datafield ind1=" " ind2=" " tag="310">
<subfield code="a">Weekly</subfield>
</datafield>
<datafield ind1="1" ind2=" " tag="362">
<subfield code="a">Began publication in 1919?</subfield>
</datafield>
<datafield ind1="1" ind2=" " tag="362">
<subfield code="a">Ceased publication in 1933?</subfield>
</datafield>
<datafield ind1=" " ind2=" " tag="500">
<subfield code="a">Description based on: Jg. 3, Nr. 38 (Sept. 1921); caption title.</subfield>
</datafield>
<datafield ind1=" " ind2=" " tag="520">
<subfield code="a">The Jüdische Volkzeitung was a weekly Jewish newspaper for the people. It described itself as an independent institution for the political, economic and social interests of the Jews in Slovakia; however, it is listed as a Zionist periodical in the Jüdisches Lexikon (v. IV/1 (1930), Presse, Jüdische (II)).</subfield>
</datafield>
<datafield ind1=" " ind2=" " tag="546">
<subfield code="a">German</subfield>
</datafield>
<datafield ind1=" " ind2=" " tag="500">
<subfield code="a">Issued by the Volksverband der Juden für die Slovakei</subfield>
</datafield>
<datafield ind1=" " ind2=" " tag="500">
<subfield code="a">Publication dates vary according to different institutions. The National Library of Israel has the publication dates recorded as: Jg. 1 (1919)-Jg. 15 (1933).</subfield>
</datafield>
<datafield ind1=" " ind2=" " tag="500">
<subfield code="a">Subtitle varies slightly</subfield>
</datafield>
<datafield ind1=" " ind2="0" tag="650">
<subfield code="a">Jews</subfield>
<subfield code="z">Slovakia</subfield>
<subfield code="z">Bratislava</subfield>
<subfield code="v">Periodicals.</subfield>
</datafield>
<datafield ind1=" " ind2="0" tag="651">
<subfield code="a">Bratislava (Slovakia)</subfield>
</datafield>
<datafield ind1=" " ind2="0" tag="651">
<subfield code="a">Bratislava (Slovakia)</subfield>
<subfield code="v">Newspapers.</subfield>
</datafield>
<datafield ind1=" " ind2="0" tag="650">
<subfield code="a">Jewish periodicals</subfield>
<subfield code="5">LBI</subfield>
</datafield>
<datafield ind1=" " ind2="0" tag="650">
<subfield code="a">German-language periodicals</subfield>
<subfield code="5">CJH</subfield>
</datafield>
<datafield ind1=" " ind2="0" tag="650">
<subfield code="a">Periodicals</subfield>
<subfield code="z">Slovakia</subfield>
<subfield code="5">LBI</subfield>
</datafield>
<datafield ind1=" " ind2="0" tag="650">
<subfield code="a">Periodicals</subfield>
<subfield code="z">Slovakia</subfield>
<subfield code="z">Bratislava</subfield>
<subfield code="5">LBI</subfield>
</datafield>
<datafield ind1=" " ind2="7" tag="655">
<subfield code="a">Periodicals</subfield>
<subfield code="2">cjh</subfield>
</datafield>
<datafield ind1=" " ind2="7" tag="655">
<subfield code="a">Newspapers</subfield>
<subfield code="2">cjh</subfield>
</datafield>
<datafield ind1="2" ind2=" " tag="710">
<subfield code="a">Volksverband der Juden für die Slovakei</subfield>
</datafield>
<datafield ind1=" " ind2=" " tag="852">
<subfield code="a">Leo Baeck Institute</subfield>
<subfield code="b">LBI Library</subfield>
<subfield code="e">15 West 16th Street, New York, NY 10011</subfield>
<subfield code="h">B242</subfield>
</datafield>
<datafield ind1=" " ind2=" " tag="094">
<subfield code="a">B242</subfield>
</datafield>
<datafield ind1=" " ind2=" " tag="336">
<subfield code="a">text</subfield>
<subfield code="2">rdacontent</subfield>
</datafield>
<datafield ind1=" " ind2=" " tag="337">
<subfield code="a">computer</subfield>
<subfield code="2">rdamedia</subfield>
</datafield>
<datafield ind1=" " ind2=" " tag="338">
<subfield code="a">online resource</subfield>
<subfield code="2">rdacarrier</subfield>
</datafield>
<datafield ind1=" " ind2=" " tag="952">
<subfield code="a">NNLBI</subfield>
<subfield code="b">LBISE</subfield>
<subfield code="h">B242</subfield>
</datafield>
<datafield ind1=" " ind2=" " tag="SID">
<subfield code="a">Z39</subfield>
<subfield code="b">ALEPH_Z39</subfield>
</datafield>
<datafield ind2=" " ind1=" " tag="856"><subfield code="u">http://digital.cjh.org/webclient/DeliveryManager?pid=1954029&amp;custom_att_2=simple_viewer</subfield></datafield><datafield ind2=" " ind1=" " tag="856"><subfield code="x">
				http://digital.cjh.org/webclient/DeliveryManager?pid=2334825</subfield></datafield></record></metadata></record>