<record><header><identifier>oai:digital.cjh.org:2338350</identifier><datestamp>2015-03-10T18:40:44Z</datestamp><setSpec>LBI_periodicals</setSpec></header><metadata>
<record xmlns="http://www.loc.gov/MARC21/slim" xmlns:xsi="http://www.w3.org/2001/XMLSchema-instance" xsi:schemaLocation="http://www.loc.gov/MARC21/slim http://www.loc.gov/standards/marcxml/schema/MARC21slim.xsd">
<leader>02314nas a2200469 a 4500</leader>
<controlfield tag="FMT">SE</controlfield>
<controlfield tag="001">000280168</controlfield>
<controlfield tag="005">20130827121127.0</controlfield>
<controlfield tag="008">060206d19341939xr wr p s     0    0ger d</controlfield>
<datafield ind1=" " ind2=" " tag="040">
<subfield code="a">NNLBI</subfield>
</datafield>
<datafield ind1="0" ind2=" " tag="041">
<subfield code="a">ger</subfield>
</datafield>
<datafield ind1=" " ind2=" " tag="050">
<subfield code="a">DS 149 A1</subfield>
</datafield>
<datafield ind1="0" ind2=" " tag="130">
<subfield code="a">Judenstaat (Prague, Czech Republic)</subfield>
</datafield>
<datafield ind1="1" ind2="4" tag="245">
<subfield code="a">Der Judenstaat : Medina ivrit.</subfield>
</datafield>
<datafield ind1="1" ind2="1" tag="246">
<subfield code="a">Medina ivrit.</subfield>
</datafield>
<datafield ind1="1" ind2="3" tag="246">
<subfield code="a">Medina iwrit</subfield>
</datafield>
<datafield ind1="1" ind2="3" tag="246">
<subfield code="a">Zidovsky stat</subfield>
</datafield>
<datafield ind1=" " ind2=" " tag="260">
<subfield code="a">Praha :</subfield>
<subfield code="b">Eigentümer und Herausgeber: Viktor Kohn,</subfield>
<subfield code="c">1934-[1939?].</subfield>
</datafield>
<datafield ind1=" " ind2=" " tag="300">
<subfield code="a">1 online resource (volumes : illustrations)</subfield>
</datafield>
<datafield ind1=" " ind2=" " tag="310">
<subfield code="a">Weekly</subfield>
</datafield>
<datafield ind1="0" ind2=" " tag="362">
<subfield code="a">Jg. 1 (Dez. 1934)-Jg. 6 (1939).</subfield>
</datafield>
<datafield ind1=" " ind2=" " tag="500">
<subfield code="a">"Das Ziel des Zionismus ist die allmähliche Umgestaltung Palästinas zu beiden Seiten des Jordan in einen Judenstaat" - Jahrg. 1, Nr. 1 (Dez. 7, 1934).</subfield>
</datafield>
<datafield ind1=" " ind2=" " tag="520">
<subfield code="a">"Judenstaat" was a German-language Revisionist Zionist periodical published in Prague. In its first issue, the "Judenstaat" wrote that its goal was to convey Herzl's ideology in order to encourage the Jewish people to take active control of their own destinies. Its articles discussed the Zionist movement in Europe and Eastern Europe. Frequently, there are articles about Vladimir Jabotinsky, a Revisionist Zionist leader from Odessa.</subfield>
</datafield>
<datafield ind1=" " ind2=" " tag="546">
<subfield code="a">German</subfield>
</datafield>
<datafield ind1=" " ind2=" " tag="500">
<subfield code="a">"Eigentümer und Herausgeber:" Dec. 7, 1934-Feb. 8, 1935, Viktor Kohn; Feb. 15, 1935-Dec. 16, 1935, Hans Löw</subfield>
</datafield>
<datafield ind1=" " ind2=" " tag="588">
<subfield code="a">Description based on: Jahrgang 1, Nr. 1 (7. Dez. 1935); caption title.</subfield>
</datafield>
<datafield ind1=" " ind2=" " tag="588">
<subfield code="a">Latest issue consulted: Jahrgang 2, Nr. 44 (16. Dez. 1935)</subfield>
</datafield>
<datafield ind1=" " ind2="0" tag="650">
<subfield code="a">Revisionist Zionism</subfield>
<subfield code="z">Czech Republic</subfield>
<subfield code="v">Periodicals.</subfield>
</datafield>
<datafield ind1=" " ind2="0" tag="650">
<subfield code="a">Jews</subfield>
<subfield code="z">Czech Republic</subfield>
<subfield code="v">Periodicals</subfield>
</datafield>
<datafield ind1=" " ind2="0" tag="650">
<subfield code="a">German-language periodicals</subfield>
<subfield code="5">CJH</subfield>
</datafield>
<datafield ind1=" " ind2="0" tag="650">
<subfield code="a">Jewish periodicals.</subfield>
</datafield>
<datafield ind1=" " ind2="0" tag="650">
<subfield code="a">Periodicals</subfield>
<subfield code="z">Czech Republic</subfield>
</datafield>
<datafield ind1=" " ind2="0" tag="650">
<subfield code="a">Periodicals</subfield>
<subfield code="z">Czech Republic</subfield>
<subfield code="z">Prague</subfield>
</datafield>
<datafield ind1=" " ind2="7" tag="655">
<subfield code="a">Periodicals</subfield>
<subfield code="2">cjh</subfield>
</datafield>
<datafield ind1=" " ind2="7" tag="655">
<subfield code="a">Newspapers</subfield>
<subfield code="2">cjh</subfield>
</datafield>
<datafield ind1="1" ind2=" " tag="700">
<subfield code="a">Kohn, Viktor,</subfield>
<subfield code="d">1885-</subfield>
<subfield code="5">LBI</subfield>
</datafield>
<datafield ind1="1" ind2=" " tag="700">
<subfield code="a">Löw, Hans.</subfield>
</datafield>
<datafield ind1=" " ind2=" " tag="852">
<subfield code="a">Leo Baeck Institute</subfield>
<subfield code="b">LBI Library</subfield>
<subfield code="e">15 West 16th Street, New York, NY 10011</subfield>
<subfield code="h">B286</subfield>
</datafield>
<datafield ind1=" " ind2=" " tag="094">
<subfield code="a">B286</subfield>
</datafield>
<datafield ind1=" " ind2=" " tag="336">
<subfield code="a">text</subfield>
<subfield code="2">rdacontent</subfield>
</datafield>
<datafield ind1=" " ind2=" " tag="337">
<subfield code="a">computer</subfield>
<subfield code="2">rdamedia</subfield>
</datafield>
<datafield ind1=" " ind2=" " tag="338">
<subfield code="a">online resource</subfield>
<subfield code="2">rdacarrier</subfield>
</datafield>
<datafield ind1=" " ind2=" " tag="952">
<subfield code="a">NNLBI</subfield>
<subfield code="b">LBISE</subfield>
<subfield code="h">B286</subfield>
</datafield>
<datafield ind1=" " ind2=" " tag="SID">
<subfield code="a">Z39</subfield>
<subfield code="b">ALEPH_Z39</subfield>
</datafield>
<datafield ind2=" " ind1=" " tag="856"><subfield code="u">http://digital.cjh.org/webclient/DeliveryManager?pid=2338350&amp;custom_att_2=simple_viewer</subfield></datafield><datafield ind2=" " ind1=" " tag="856"><subfield code="x">
				http://digital.cjh.org/webclient/DeliveryManager?pid=2338351</subfield></datafield></record></metadata></record>