<record><header><identifier>oai:digital.cjh.org:2239492</identifier><datestamp>2015-03-10T18:40:44Z</datestamp><setSpec>LBI_periodicals</setSpec></header><metadata>
<record xmlns="http://www.loc.gov/MARC21/slim" xmlns:xsi="http://www.w3.org/2001/XMLSchema-instance" xsi:schemaLocation="http://www.loc.gov/MARC21/slim http://www.loc.gov/standards/marcxml/schema/MARC21slim.xsd">
<leader>03652nas a2200721 a 4500</leader>
<controlfield tag="FMT">SE</controlfield>
<controlfield tag="001">004589284</controlfield>
<controlfield tag="003">NyNyCJH</controlfield>
<controlfield tag="005">20140527111207.0</controlfield>
<controlfield tag="008">060206d19231925au wr p s     0    0ger d</controlfield>
<datafield ind1=" " ind2=" " tag="040">
<subfield code="a">NNLBI</subfield>
<subfield code="e">rda</subfield>
<subfield code="d">UtOrBLW</subfield>
</datafield>
<datafield ind1="0" ind2=" " tag="041">
<subfield code="a">ger</subfield>
<subfield code="a">heb</subfield>
</datafield>
<datafield ind1=" " ind2=" " tag="050">
<subfield code="a">DS 150 R35</subfield>
</datafield>
<datafield ind1="2" ind2=" " tag="110">
<subfield code="a">Mizrachi</subfield>
</datafield>
<datafield ind1="1" ind2="0" tag="240">
<subfield code="a">Jüdische Wochenschrift (Vienna, Austria : 1923-[1925?])</subfield>
</datafield>
<datafield ind1="1" ind2="0" tag="245">
<subfield code="a">Jüdische Wochenschrift :</subfield>
<subfield code="b">mit der monatlichen hebräischen Beilage "Torah va-arets" (Torah waarez).</subfield>
</datafield>
<datafield ind1=" " ind2=" " tag="300">
<subfield code="a">1 online resource (volumes)</subfield>
</datafield>
<datafield ind1=" " ind2=" " tag="310">
<subfield code="a">Weekly</subfield>
</datafield>
<datafield ind1="0" ind2=" " tag="362">
<subfield code="a">1. Jahrgang, Nummer 1 (19. Okt. 1923)-[3. Jahrgang (1925)?]</subfield>
</datafield>
<datafield ind1="1" ind2=" " tag="362">
<subfield code="a">Ceased publication with: 3. Jahrgang (1925)?</subfield>
</datafield>
<datafield ind1=" " ind2=" " tag="546">
<subfield code="a">German, Hebrew</subfield>
</datafield>
<datafield ind1=" " ind2=" " tag="500">
<subfield code="a">From Juni 1924-Dec. 1924, "Zentralorgan der Misrachi-Verbände in den Donau- und Balkanländern."</subfield>
</datafield>
<datafield ind1=" " ind2=" " tag="500">
<subfield code="a">Editors: Okt. 1924-Dec. 1924, Malkiel Grünwald; Jan. 1925-Sept. 1925, Armin Heim.</subfield>
</datafield>
<datafield ind1=" " ind2=" " tag="520">
<subfield code="a">"Jüdische Wochenschrift" was a weekly paper published by the Orthodox Zionist organization Mizrachi. Founded in 1902, the Mizrachi's purpose was to promote the observance of traditional Jewish law within the framework of Zionism. The "Jüdische Wochenschrift" reported on the Zionist movement in light of the Mizrachi's principles. The paper also included a monthly supplement meant to further Hebrew language and literature, which the Mizrachi considered an important part of developing a cultural Zionism in the spirit of the Torah. (Source: "Mizrachi." Encyclopaedia Judaica, 2nd ed. Vol. 14; "Zur Einführung." Jüdische Wochenschrift, Jahrg. 1, Nr. 1 (Okt. 1923), p. 1).</subfield>
</datafield>
<datafield ind1=" " ind2=" " tag="525">
<subfield code="a">Monthly Hebrew supplement, "Torah va-arets (Torah waarez)," published from 1. Jahrg., Nr. 1 (19. Okt. 1923)-&lt; 3. Jahrg., Nr. 7 (13. Feb. 1925)&gt;. Some issues lacking supplement.</subfield>
</datafield>
<datafield ind1=" " ind2=" " tag="588">
<subfield code="a">Description based on: 1. Jahrgang, Nummer 1 (19. Okt. 1923); caption title.</subfield>
</datafield>
<datafield ind1=" " ind2=" " tag="588">
<subfield code="a">Latest issue consulted: 3. Jahrgang, Nr. 36 (25. Sept. 1925).</subfield>
</datafield>
<datafield ind1="2" ind2="0" tag="610">
<subfield code="a">Mizrachi.</subfield>
</datafield>
<datafield ind1=" " ind2="0" tag="650">
<subfield code="a">Religious Zionism</subfield>
<subfield code="z">Austria</subfield>
<subfield code="v">Periodicals.</subfield>
</datafield>
<datafield ind1=" " ind2="0" tag="650">
<subfield code="a">Jewish periodicals.</subfield>
</datafield>
<datafield ind1=" " ind2="0" tag="650">
<subfield code="a">Periodicals</subfield>
<subfield code="z">Austria.</subfield>
</datafield>
<datafield ind1=" " ind2="0" tag="650">
<subfield code="a">Periodicals</subfield>
<subfield code="z">Austria</subfield>
<subfield code="z">Vienna.</subfield>
</datafield>
<datafield ind1=" " ind2="0" tag="650">
<subfield code="a">German-language periodicals</subfield>
<subfield code="5">CJH</subfield>
</datafield>
<datafield ind1=" " ind2="0" tag="650">
<subfield code="a">Hebrew-language periodicals</subfield>
<subfield code="5">CJH</subfield>
</datafield>
<datafield ind1=" " ind2="7" tag="655">
<subfield code="a">Periodicals</subfield>
<subfield code="2">cjh</subfield>
</datafield>
<datafield ind1=" " ind2="7" tag="655">
<subfield code="a">Newspapers</subfield>
<subfield code="2">cjh</subfield>
</datafield>
<datafield ind1="1" ind2=" " tag="700">
<subfield code="a">Grinvald, Malki'el.</subfield>
</datafield>
<datafield ind1="1" ind2=" " tag="700">
<subfield code="a">Heim, Armin.</subfield>
</datafield>
<datafield ind1="0" ind2=" " tag="770">
<subfield code="a">Torah waarez</subfield>
</datafield>
<datafield ind1="0" ind2=" " tag="770">
<subfield code="a">Torah va-arets.</subfield>
</datafield>
<datafield ind1=" " ind2=" " tag="852">
<subfield code="a">Leo Baeck Institute</subfield>
<subfield code="b">LBI Library</subfield>
<subfield code="e">15 West 16th Street , New York, NY 10011</subfield>
<subfield code="h">B249</subfield>
</datafield>
<controlfield tag="999">SE</controlfield>
<datafield ind1=" " ind2=" " tag="999">
<subfield code="a">LBISE</subfield>
</datafield>
<datafield ind1=" " ind2=" " tag="999">
<subfield code="a">LBISE</subfield>
</datafield>
<datafield ind1=" " ind2=" " tag="999">
<subfield code="a">269</subfield>
</datafield>
<controlfield tag="999">October 29, 2004</controlfield>
<datafield ind1=" " ind2=" " tag="094">
<subfield code="a">B249</subfield>
</datafield>
<datafield ind1=" " ind2=" " tag="094">
<subfield code="a">MF B249</subfield>
</datafield>
<datafield ind1=" " ind2="1" tag="264">
<subfield code="a">Wien :</subfield>
<subfield code="b">Eigentümer und Herausgeber: Misrachi,</subfield>
<subfield code="c">1923-[1925?]</subfield>
</datafield>
<datafield ind1=" " ind2=" " tag="SID">
<subfield code="a">Z39</subfield>
<subfield code="b">ALEPH_Z39</subfield>
</datafield>
<datafield ind1=" " ind2=" " tag="336">
<subfield code="a">text</subfield>
<subfield code="2">rdacontent</subfield>
</datafield>
<datafield ind1=" " ind2=" " tag="337">
<subfield code="a">computer</subfield>
<subfield code="2">rdamedia</subfield>
</datafield>
<datafield ind1=" " ind2=" " tag="338">
<subfield code="a">online resource</subfield>
<subfield code="2">rdacarrier</subfield>
</datafield>
<datafield ind2=" " ind1=" " tag="856"><subfield code="u">http://digital.cjh.org/webclient/DeliveryManager?pid=2239492&amp;custom_att_2=simple_viewer</subfield></datafield><datafield ind2=" " ind1=" " tag="856"><subfield code="x">
				http://digital.cjh.org/webclient/DeliveryManager?pid=2239493</subfield></datafield></record></metadata></record>