<record><header><identifier>oai:digital.cjh.org:2338354</identifier><datestamp>2015-03-10T18:40:44Z</datestamp><setSpec>LBI_periodicals</setSpec></header><metadata>
<record xmlns="http://www.loc.gov/MARC21/slim" xmlns:xsi="http://www.w3.org/2001/XMLSchema-instance" xsi:schemaLocation="http://www.loc.gov/MARC21/slim http://www.loc.gov/standards/marcxml/schema/MARC21slim.xsd">
<leader>04008nas a2200541 a 4500</leader>
<controlfield tag="FMT">SE</controlfield>
<controlfield tag="001">000280690</controlfield>
<controlfield tag="005">20130903170046.0</controlfield>
<controlfield tag="008">060206s1929    gw br p s     0    0ger d</controlfield>
<datafield ind1=" " ind2=" " tag="040">
<subfield code="a">NNLBI</subfield>
</datafield>
<datafield ind1="0" ind2=" " tag="041">
<subfield code="a">ger</subfield>
</datafield>
<datafield ind1=" " ind2=" " tag="050">
<subfield code="a">HV 3193 G4 Z48</subfield>
</datafield>
<datafield ind1="2" ind2="0" tag="110">
<subfield code="a">Zentralwohlfahrtsstelle der Deutschen Juden</subfield>
</datafield>
<datafield ind1="1" ind2="0" tag="245">
<subfield code="a">Zeitschrift für jüdische Wohlfahrtspflege /</subfield>
<subfield code="c">herausgegeben von der Zentralwohlfahrtsstelle der Deutschen Juden.</subfield>
</datafield>
<datafield ind1=" " ind2=" " tag="260">
<subfield code="a">Berlin :</subfield>
<subfield code="b">Zentralwohlfahrtsstelle der deutschen Juden,</subfield>
<subfield code="c">1929.</subfield>
</datafield>
<datafield ind1=" " ind2=" " tag="300">
<subfield code="a">1 online resource (1 volume)</subfield>
</datafield>
<datafield ind1=" " ind2=" " tag="310">
<subfield code="a">Once every two months</subfield>
</datafield>
<datafield ind1="0" ind2=" " tag="362">
<subfield code="a">Jahrgang 1, Heft 1 (1929)-Jahrgang 1, Heft 6 (1929).</subfield>
</datafield>
<datafield ind1=" " ind2=" " tag="500">
<subfield code="a">Periodical formed by the merger of Nachrichtendienst (Zentralwohlfahrtsstelle der Deutschen Juden : 1922-1928) and Zedakah : Zeitschrift der jüdischen Wohlfahrtspflege (1921-1928).</subfield>
</datafield>
<datafield ind1=" " ind2=" " tag="546">
<subfield code="a">German</subfield>
</datafield>
<datafield ind1=" " ind2=" " tag="500">
<subfield code="a">In 1930 merged with Jüdische Arbeits- und Wanderfürsorge (Jahrgang 1 (Dezember 1927)-Jahrgang 3, Nummer 6 (Dezember 1929)) (call no. B172) to form: Jüdische Wohlfahrtspflege und Sozialpolitik (Neue Folge, Jahrgang 1 (1930)-Neue Folge, Jahrgang 8, Heft 5 (Oktober 1938)) (call no. B410).</subfield>
</datafield>
<datafield ind1=" " ind2=" " tag="500">
<subfield code="a">Includes a typed card index in two boxes by author and subject for Jahrgang 1 (1929); also for Jüdische Wohlfahrtspflege und Sozialpolitik (Jahrgang 1 (1930)-Jahrgang 8 (1938)) (cataloged under call no. B410) (currently missing).</subfield>
</datafield>
<datafield ind1=" " ind2=" " tag="520">
<subfield code="a">"Zeitschrift für jüdische Wohlfahrtspflege" was a journal about Jewish welfare services published by the central bureau of welfare for the German Jews.</subfield>
</datafield>
<datafield ind1=" " ind2="0" tag="650">
<subfield code="a">Jews</subfield>
<subfield code="x">Charities</subfield>
<subfield code="v">Periodicals.</subfield>
</datafield>
<datafield ind1=" " ind2="0" tag="650">
<subfield code="a">German-language periodicals</subfield>
<subfield code="5">CJH</subfield>
</datafield>
<datafield ind1=" " ind2="0" tag="650">
<subfield code="a">Jewish periodicals</subfield>
</datafield>
<datafield ind1=" " ind2="0" tag="650">
<subfield code="a">Periodicals</subfield>
<subfield code="z">Germany</subfield>
</datafield>
<datafield ind1=" " ind2="0" tag="650">
<subfield code="a">Periodicals</subfield>
<subfield code="z">Germany</subfield>
<subfield code="z">Berlin</subfield>
</datafield>
<datafield ind1=" " ind2="0" tag="650">
<subfield code="a">Public welfare</subfield>
<subfield code="z">Germany</subfield>
</datafield>
<datafield ind1=" " ind2="0" tag="650">
<subfield code="a">Social service</subfield>
<subfield code="v">Periodicals</subfield>
</datafield>
<datafield ind1=" " ind2="7" tag="655">
<subfield code="a">Periodicals</subfield>
<subfield code="2">cjh</subfield>
</datafield>
<datafield ind1=" " ind2="7" tag="655">
<subfield code="a">Journals</subfield>
<subfield code="2">cjh</subfield>
</datafield>
<datafield ind1="1" ind2="0" tag="780">
<subfield code="a">Nachrichtendienst (Zentralwohlfahrtsstelle der Juden in Deutschland : 1922- 1928)</subfield>
</datafield>
<datafield ind1="1" ind2="0" tag="780">
<subfield code="a">Zedakah: Zeitschrift der Juedischen Wohlfahrtspflege (1921 - 1928)</subfield>
</datafield>
<datafield ind1="1" ind2="0" tag="785">
<subfield code="a">Jüdische Wohlfahrtspflege und Sozialpolitik (Neue Folge, Jahrgang 1 (1930)-Neue Folge, Jahrgang 8, Heft 5 (1938))</subfield>
</datafield>
<datafield ind1=" " ind2=" " tag="852">
<subfield code="a">Leo Baeck Institute</subfield>
<subfield code="b">LBI Library</subfield>
<subfield code="e">15 West 16th Street, New York, NY 10011</subfield>
<subfield code="h">B410.1</subfield>
</datafield>
<datafield ind1=" " ind2=" " tag="094">
<subfield code="a">B410.1</subfield>
</datafield>
<datafield ind1=" " ind2=" " tag="336">
<subfield code="a">text</subfield>
<subfield code="2">rdacontent</subfield>
</datafield>
<datafield ind1=" " ind2=" " tag="337">
<subfield code="a">computer</subfield>
<subfield code="2">rdamedia</subfield>
</datafield>
<datafield ind1=" " ind2=" " tag="338">
<subfield code="a">online resource</subfield>
<subfield code="2">rdacarrier</subfield>
</datafield>
<datafield ind1=" " ind2=" " tag="952">
<subfield code="a">NNLBI</subfield>
<subfield code="b">LBISE</subfield>
<subfield code="h">B412</subfield>
</datafield>
<datafield ind1=" " ind2=" " tag="SID">
<subfield code="a">Z39</subfield>
<subfield code="b">ALEPH_Z39</subfield>
</datafield>
<datafield ind2=" " ind1=" " tag="856"><subfield code="u">http://digital.cjh.org/webclient/DeliveryManager?pid=2338354&amp;custom_att_2=simple_viewer</subfield></datafield><datafield ind2=" " ind1=" " tag="856"><subfield code="x">
				http://digital.cjh.org/webclient/DeliveryManager?pid=2338355</subfield></datafield></record></metadata></record>