<record><header><identifier>oai:digital.cjh.org:2338359</identifier><datestamp>2015-03-10T18:40:44Z</datestamp><setSpec>LBI_periodicals</setSpec></header><metadata>
<record xmlns="http://www.loc.gov/MARC21/slim" xmlns:xsi="http://www.w3.org/2001/XMLSchema-instance" xsi:schemaLocation="http://www.loc.gov/MARC21/slim http://www.loc.gov/standards/marcxml/schema/MARC21slim.xsd">
<leader>03591nas a2200625 a 4500</leader>
<controlfield tag="FMT">SE</controlfield>
<controlfield tag="001">000280033</controlfield>
<controlfield tag="005">20130822103253.0</controlfield>
<controlfield tag="008">071228d19321938xr mr n s     0    0ger d</controlfield>
<datafield ind1=" " ind2=" " tag="040">
<subfield code="a">NNLBI</subfield>
</datafield>
<datafield ind1="0" ind2=" " tag="041">
<subfield code="a">ger</subfield>
<subfield code="a">cze</subfield>
</datafield>
<datafield ind1="2" ind2=" " tag="110">
<subfield code="a">Landesverband der israelitischen Kultusgemeinden in Mähren</subfield>
</datafield>
<datafield ind1="1" ind2="0" tag="240">
<subfield code="a">Gemeindezeitung und Amtsblatt (Ostrava, Czech Republic)</subfield>
</datafield>
<datafield ind1="1" ind2="0" tag="245">
<subfield code="a">Gemeindezeitung und Amtsblatt der Landesverbände der israelitischen Kultusgemeinden in Mähren, Schlesien und der zu diesen gehörigen israelitischen Kultusgemeinden =</subfield>
<subfield code="b">Zpravy obecni­ - Uredni list : Zemskeho svazu nabozenskych obci zidovskych na Morave, ve Slezsku a nabozenskych obci zidovskych k temto prislusnych.</subfield>
</datafield>
<datafield ind1="1" ind2="6" tag="246">
<subfield code="a">Zpravy obecni - Uredni list.</subfield>
</datafield>
<datafield ind1=" " ind2=" " tag="300">
<subfield code="a">1 online resource (volumes : illustrations)</subfield>
</datafield>
<datafield ind1=" " ind2=" " tag="310">
<subfield code="a">Monthly</subfield>
</datafield>
<datafield ind1="1" ind2=" " tag="362">
<subfield code="a">Began in 1930?</subfield>
</datafield>
<datafield ind1="1" ind2=" " tag="362">
<subfield code="a">Ceased publication in 1938?</subfield>
</datafield>
<datafield ind1=" " ind2=" " tag="500">
<subfield code="a">At head of masthead: Zpravy obecni - Uredni list.</subfield>
</datafield>
<datafield ind1=" " ind2=" " tag="500">
<subfield code="a">From Nov. 1932 - Dec. 1934, the 12 issues of each year began in Nov. and ended in Oct.; beginning Jan. 1935, the 12 issues follow the calendar year.</subfield>
</datafield>
<datafield ind1=" " ind2=" " tag="500">
<subfield code="a">Edited by Moritz Loewy</subfield>
</datafield>
<datafield ind1=" " ind2=" " tag="520">
<subfield code="a">Community newspaper and official register of the regional association of the Jewish communities of Moravia and Silesia. In 1935 it reported that it delivered issues to 12,000 residents of the Jewish community.</subfield>
</datafield>
<datafield ind1=" " ind2=" " tag="546">
<subfield code="a">German and Czech</subfield>
</datafield>
<datafield ind1=" " ind2=" " tag="588">
<subfield code="a">Description based on: Nr. 1 (1. November 1932); caption title.</subfield>
</datafield>
<datafield ind1=" " ind2=" " tag="588">
<subfield code="a">Latest issue consulted: Nr. 10 (1. November 1937).</subfield>
</datafield>
<datafield ind1=" " ind2=" " tag="590">
<subfield code="a">The dates of publication are not clear.</subfield>
</datafield>
<datafield ind1=" " ind2="0" tag="650">
<subfield code="a">Jews</subfield>
<subfield code="z">Czech Republic</subfield>
<subfield code="v">Periodicals.</subfield>
</datafield>
<datafield ind1=" " ind2="0" tag="650">
<subfield code="a">Judaism</subfield>
<subfield code="z">Czech Republic</subfield>
<subfield code="v">Periodicals.</subfield>
</datafield>
<datafield ind1=" " ind2="0" tag="650">
<subfield code="a">Jews</subfield>
<subfield code="z">Czech Republic</subfield>
<subfield code="z">Moravia</subfield>
<subfield code="v">Periodicals.</subfield>
</datafield>
<datafield ind1=" " ind2="0" tag="650">
<subfield code="a">Jews</subfield>
<subfield code="z">Silesia</subfield>
<subfield code="v">Periodicals.</subfield>
</datafield>
<datafield ind1=" " ind2="0" tag="650">
<subfield code="a">German-language periodicals</subfield>
<subfield code="5">CJH</subfield>
</datafield>
<datafield ind1=" " ind2="0" tag="650">
<subfield code="a">Jewish periodicals</subfield>
<subfield code="5">LBI</subfield>
</datafield>
<datafield ind1=" " ind2="0" tag="650">
<subfield code="a">Periodicals</subfield>
<subfield code="z">Czech Republic</subfield>
<subfield code="5">LBI</subfield>
</datafield>
<datafield ind1=" " ind2="0" tag="650">
<subfield code="a">Periodicals</subfield>
<subfield code="z">Czech Republic</subfield>
<subfield code="z">Olomouc.</subfield>
</datafield>
<datafield ind1=" " ind2="0" tag="650">
<subfield code="a">Periodicals</subfield>
<subfield code="z">Czech Republic</subfield>
<subfield code="z">Ostrava.</subfield>
</datafield>
<datafield ind1=" " ind2="0" tag="651">
<subfield code="a">Moravia (Czech Republic)</subfield>
<subfield code="v">Newspapers.</subfield>
</datafield>
<datafield ind1=" " ind2="0" tag="651">
<subfield code="a">Silesia</subfield>
<subfield code="v">Newspapers.</subfield>
</datafield>
<datafield ind1=" " ind2="7" tag="655">
<subfield code="a">Periodicals</subfield>
<subfield code="2">cjh</subfield>
</datafield>
<datafield ind1=" " ind2="7" tag="655">
<subfield code="a">Newspapers</subfield>
<subfield code="2">cjh</subfield>
</datafield>
<datafield ind1=" " ind2=" " tag="852">
<subfield code="a">Leo Baeck Institute</subfield>
<subfield code="b">LBI Library</subfield>
<subfield code="e">15 West 16th Street, New York, NY 10011</subfield>
<subfield code="h">B454</subfield>
</datafield>
<datafield ind1=" " ind2=" " tag="094">
<subfield code="a">B454</subfield>
</datafield>
<datafield ind1=" " ind2="1" tag="264">
<subfield code="a">Mähr. Ostrau :</subfield>
<subfield code="b">Eigentümer und Herausgeber: Landesverband der israelitischen Kultusgemeinden in Mähren,</subfield>
<subfield code="c">[1930?-1938?]</subfield>
</datafield>
<datafield ind1=" " ind2="3" tag="264">
<subfield code="a">Olmütz :</subfield>
<subfield code="b">Druck: IGO Josef Groàk</subfield>
</datafield>
<datafield ind1=" " ind2=" " tag="336">
<subfield code="a">text</subfield>
<subfield code="2">rdacontent</subfield>
</datafield>
<datafield ind1=" " ind2=" " tag="337">
<subfield code="a">computer</subfield>
<subfield code="2">rdamedia</subfield>
</datafield>
<datafield ind1=" " ind2=" " tag="338">
<subfield code="a">online resource</subfield>
<subfield code="2">rdacarrier</subfield>
</datafield>
<datafield ind1=" " ind2=" " tag="952">
<subfield code="a">NNLBI</subfield>
<subfield code="b">LBISE</subfield>
<subfield code="h">B454</subfield>
</datafield>
<datafield ind1=" " ind2=" " tag="SID">
<subfield code="a">Z39</subfield>
<subfield code="b">ALEPH_Z39</subfield>
</datafield>
<datafield ind2=" " ind1=" " tag="856"><subfield code="u">http://digital.cjh.org/webclient/DeliveryManager?pid=2338359&amp;custom_att_2=simple_viewer</subfield></datafield><datafield ind2=" " ind1=" " tag="856"><subfield code="x">
				http://digital.cjh.org/webclient/DeliveryManager?pid=2338360</subfield></datafield></record></metadata></record>