<record><header><identifier>oai:digital.cjh.org:1937193</identifier><datestamp>2015-03-10T18:40:44Z</datestamp><setSpec>LBI_periodicals</setSpec></header><metadata>
<record xmlns="http://www.loc.gov/MARC21/slim" xmlns:xsi="http://www.w3.org/2001/XMLSchema-instance" xsi:schemaLocation="http://www.loc.gov/MARC21/slim http://www.loc.gov/standards/marcxml/schema/MARC21slim.xsd">
<leader>02779nas a2200529 a 4500</leader>
<controlfield tag="FMT">SE</controlfield>
<controlfield tag="001">000279872</controlfield>
<controlfield tag="005">20130425095214.0</controlfield>
<controlfield tag="008">060206d19341935fr mr p s     0    0ger d</controlfield>
<datafield ind1=" " ind2=" " tag="040">
<subfield code="a">NNLBI</subfield>
</datafield>
<datafield ind1="0" ind2=" " tag="041">
<subfield code="a">ger</subfield>
</datafield>
<datafield ind1=" " ind2=" " tag="050">
<subfield code="a">JV 6348 J4</subfield>
</datafield>
<datafield ind1="0" ind2=" " tag="130">
<subfield code="a">Ausweg (Paris, France)</subfield>
</datafield>
<datafield ind1="1" ind2="4" tag="245">
<subfield code="a">Der Ausweg : Monatschrift für Umschichtung, Wanderung, Siedlung.</subfield>
</datafield>
<datafield ind1="1" ind2="1" tag="246">
<subfield code="a">Issue : revue mensuelle.</subfield>
</datafield>
<datafield ind1="1" ind2="0" tag="247">
<subfield code="a">Ausweg : Zeitschrift für Umschichtung, Wanderung, Siedlung</subfield>
<subfield code="f">(Jahrg. 1, No. 1 (Nov. 1934)-&lt; Jg. 1, No. 2 (Dez. 1934) &gt;)</subfield>
</datafield>
<datafield ind1=" " ind2=" " tag="260">
<subfield code="a">Paris ; Zürich</subfield>
<subfield code="b">Verlag le Renouveau,</subfield>
<subfield code="c">1934-[1935?].</subfield>
</datafield>
<datafield ind1=" " ind2=" " tag="300">
<subfield code="a">1 online resource (volumes) ;</subfield>
</datafield>
<datafield ind1=" " ind2=" " tag="310">
<subfield code="a">Monthly</subfield>
</datafield>
<datafield ind1="1" ind2=" " tag="362">
<subfield code="a">Jahrg. 1, Nr. 1 (Nov. 1934)-[Jg. 2, Nr. 2 (Dez. 1935)?]</subfield>
</datafield>
<datafield ind1=" " ind2=" " tag="500">
<subfield code="a">Description based on: Jg. 1, No. 1 (Nov. 1934); caption title.</subfield>
</datafield>
<datafield ind1=" " ind2=" " tag="520">
<subfield code="a">"Der Ausweg" provided German-Jewish refugees with information about emigration out of Germany. It offered guidance for a wide range of possibilities, including group colonization overseas and advice for professionals seeking to continue their careers outside of Germany. Articles in "Der Ausweg" contained economic, agricultural, industrial and financial backgrounds of potential settlement areas.</subfield>
</datafield>
<datafield ind1=" " ind2=" " tag="546">
<subfield code="a">text in German</subfield>
</datafield>
<datafield ind1=" " ind2=" " tag="583">
<subfield code="a">Recataloging - edited record for digitization</subfield>
<subfield code="c">20130221</subfield>
<subfield code="k">tb</subfield>
</datafield>
<datafield ind1=" " ind2=" " tag="583">
<subfield code="a">Edited Bib. record (506, PRS fields), linked to microfilm record, updated HOL and item records</subfield>
<subfield code="c">20130311</subfield>
<subfield code="k">TC</subfield>
</datafield>
<datafield ind1=" " ind2=" " tag="500">
<subfield code="a">Latest issue consulted: Jg. 1, Nr. 11 (Sept. 1935).</subfield>
</datafield>
<datafield ind1=" " ind2=" " tag="500">
<subfield code="a">Later issues also have a French title: L'issue : revue mensuelle.</subfield>
</datafield>
<datafield ind1=" " ind2=" " tag="500">
<subfield code="a">Subtitle varies. Jahrg. 1, No. 1 (Nov. 1934)-&lt; Jg. 1, No. 2 (Dez. 1934) &gt; have the subtitle: Zeitschrift für Umschichtung, Wanderung, Siedlung.</subfield>
</datafield>
<datafield ind1=" " ind2=" " tag="500">
<subfield code="a">Imprint varies. Jahrg. 1, No. 4 (Feb. 1934)- published: Paris : Verlag "Der Ausweg."</subfield>
</datafield>
<datafield ind1=" " ind2=" " tag="500">
<subfield code="a">LBI Library's copy for Jahrg. 1, No. 1 (Nov. 1934) missing pages?</subfield>
</datafield>
<datafield ind1=" " ind2=" " tag="500">
<subfield code="a">Edited by Karl Loewy.</subfield>
</datafield>
<datafield ind1=" " ind2="0" tag="650">
<subfield code="a">Jews</subfield>
<subfield code="x">Migrations</subfield>
<subfield code="z">Periodicals.</subfield>
</datafield>
<datafield ind1=" " ind2="0" tag="650">
<subfield code="a">Jews, German</subfield>
<subfield code="z">Foreign countries</subfield>
<subfield code="v">Periodicals.</subfield>
</datafield>
<datafield ind1=" " ind2="0" tag="650">
<subfield code="a">Jewish periodicals</subfield>
<subfield code="5">LBI</subfield>
</datafield>
<datafield ind1=" " ind2="0" tag="650">
<subfield code="a">German-language periodicals</subfield>
<subfield code="5">CJH</subfield>
</datafield>
<datafield ind1=" " ind2="0" tag="650">
<subfield code="a">Periodicals</subfield>
<subfield code="z">France</subfield>
</datafield>
<datafield ind1=" " ind2="0" tag="650">
<subfield code="a">Periodicals</subfield>
<subfield code="z">Switzerland.</subfield>
</datafield>
<datafield ind1=" " ind2="0" tag="650">
<subfield code="a">Periodicals</subfield>
<subfield code="z">Switzerland</subfield>
<subfield code="z">Zurich.</subfield>
</datafield>
<datafield ind1=" " ind2="0" tag="650">
<subfield code="a">Periodicals</subfield>
<subfield code="z">France</subfield>
<subfield code="z">Paris</subfield>
</datafield>
<datafield ind1=" " ind2="7" tag="655">
<subfield code="a">Periodicals</subfield>
<subfield code="2">cjh</subfield>
</datafield>
<datafield ind1=" " ind2="7" tag="655">
<subfield code="a">Magazines (Periodicals)</subfield>
<subfield code="2">cjh</subfield>
</datafield>
<datafield ind1="1" ind2=" " tag="700">
<subfield code="a">Loewy, Karl.</subfield>
</datafield>
<datafield ind1=" " ind2=" " tag="852">
<subfield code="a">Leo Baeck Institute</subfield>
<subfield code="b">LBI Library</subfield>
<subfield code="e">15 West 16th Street, New York, N.Y. 10011</subfield>
<subfield code="h">B23</subfield>
</datafield>
<datafield ind1=" " ind2=" " tag="094">
<subfield code="a">B23</subfield>
</datafield>
<datafield ind1=" " ind2=" " tag="336">
<subfield code="a">text</subfield>
<subfield code="2">rdacontent</subfield>
</datafield>
<datafield ind1=" " ind2=" " tag="337">
<subfield code="a">computer</subfield>
<subfield code="2">rdamedia</subfield>
</datafield>
<datafield ind1=" " ind2=" " tag="338">
<subfield code="a">online resource</subfield>
<subfield code="2">rdacarrier</subfield>
</datafield>
<datafield ind2=" " ind1=" " tag="856"><subfield code="u">http://digital.cjh.org/webclient/DeliveryManager?pid=1937193&amp;custom_att_2=simple_viewer</subfield></datafield><datafield ind2=" " ind1=" " tag="856"><subfield code="x">
				http://digital.cjh.org/webclient/DeliveryManager?pid=1937192</subfield></datafield></record></metadata></record>