<record><header><identifier>oai:digital.cjh.org:1937181</identifier><datestamp>2015-03-10T18:40:44Z</datestamp><setSpec>LBI_periodicals</setSpec></header><metadata>
<record xmlns="http://www.loc.gov/MARC21/slim" xmlns:xsi="http://www.w3.org/2001/XMLSchema-instance" xsi:schemaLocation="http://www.loc.gov/MARC21/slim http://www.loc.gov/standards/marcxml/schema/MARC21slim.xsd">
<leader>04521nas a2200733 a 4500</leader>
<controlfield tag="FMT">SE</controlfield>
<controlfield tag="001">000338637</controlfield>
<controlfield tag="005">20130530123220.0</controlfield>
<controlfield tag="008">070703d19381943gw er nes     0   b0ger d</controlfield>
<datafield ind1=" " ind2=" " tag="040">
<subfield code="a">NNLBI</subfield>
</datafield>
<datafield ind1="0" ind2=" " tag="041">
<subfield code="a">ger</subfield>
</datafield>
<datafield ind1=" " ind2=" " tag="043">
<subfield code="a">e-gx---</subfield>
</datafield>
<datafield ind1=" " ind2=" " tag="050">
<subfield code="a">DS 135 G4 B4</subfield>
</datafield>
<datafield ind1="0" ind2=" " tag="130">
<subfield code="a">Jüdisches Nachrichtenblatt (Berlin, Germany)</subfield>
</datafield>
<datafield ind1="1" ind2="0" tag="245">
<subfield code="a">Jüdisches Nachrichtenblatt.</subfield>
</datafield>
<datafield ind1=" " ind2=" " tag="260">
<subfield code="a">Berlin :</subfield>
<subfield code="b">Verlag Jüdische Rundschau G.m.b.H.,</subfield>
<subfield code="c">1938-1943.</subfield>
</datafield>
<datafield ind1=" " ind2=" " tag="300">
<subfield code="a">1 online resource (volumes) : illustrations</subfield>
</datafield>
<datafield ind1=" " ind2=" " tag="310">
<subfield code="a">Biweekly</subfield>
<subfield code="b">1943, Nr. 19-20 (21. Mai - 4. Juni 1943)</subfield>
</datafield>
<datafield ind1=" " ind2=" " tag="321">
<subfield code="a">Weekly</subfield>
<subfield code="b">1941, Nr. 50 (27. Juni 1941) - 1943, Nr. 20 (4. Juni 1943)</subfield>
</datafield>
<datafield ind1=" " ind2=" " tag="321">
<subfield code="a">Twice weekly</subfield>
<subfield code="b">1938, Nr. 1 (23. November 1938) - 1941, Nr. 49 (20. Juni 1941)</subfield>
</datafield>
<datafield ind1="0" ind2=" " tag="362">
<subfield code="a">[Jahrgang] 1938, Nr. 1 (23. November 1938)-[Jahrgang] 1943, Nr. 20 (4. Juni 1943)</subfield>
</datafield>
<datafield ind1=" " ind2=" " tag="500">
<subfield code="a">Imprint varies. From 1939 to 1941 it was published by the "Jüdischer Kulturbund in Deutschland." From 1941 to 1942 it was published by "Jüdisches Nachrichtenblatt." In 1943 it was published by the "Reichsvereinigung der Juden in Deutschland."</subfield>
</datafield>
<datafield ind1=" " ind2=" " tag="500">
<subfield code="a">Editors: Leo Kreindler (23. November 1938 - 20. November 1942), Willi Pless (27. November 1942 - 7. Mai 1943), Hans Hirschfeld (21. Mai - 4. Juni 1943).</subfield>
</datafield>
<datafield ind1=" " ind2=" " tag="500">
<subfield code="a">Supersedes: Gemeindeblatt der Jüdischen Gemeinde zu Berlin (1911-1938).</subfield>
</datafield>
<datafield ind1=" " ind2=" " tag="520">
<subfield code="a">Following the pogrom of November 1938, Jewish life in Germany was extremely curtailed. Almost immediately, the large number of Jewish newspapers available were shut down. In their place, the Nazis ordered the creation of one new Jewish newspaper, "Das Jüdische Nachrichtenblatt." This newspaper was kept under close watch by the Nazi authorities. It published discussions and news items about the Jewish community, but only those found "acceptable" by the Nazi authorities. Many of the articles and advertisements concerned issues around Jewish emigration from Germany, though this door was rapidly closing upon them.</subfield>
</datafield>
<datafield ind1=" " ind2=" " tag="546">
<subfield code="a">German.</subfield>
</datafield>
<datafield ind1=" " ind2=" " tag="583">
<subfield code="a">Recataloging - edited record by added 130 field and deleted the word microfilm from record</subfield>
<subfield code="c">20101021</subfield>
<subfield code="k">tb</subfield>
</datafield>
<datafield ind1=" " ind2=" " tag="583">
<subfield code="a">Recataloging - Updated item and HOL records</subfield>
<subfield code="c">20101223</subfield>
<subfield code="k">ma</subfield>
</datafield>
<datafield ind1=" " ind2=" " tag="583">
<subfield code="a">Recataloging - Added various new and loose duplicate issues to LBI collection from 2 donations (LBILD 20102551, LBISE-20100699)</subfield>
<subfield code="c">20110106</subfield>
<subfield code="k">ma</subfield>
</datafield>
<datafield ind1=" " ind2=" " tag="583">
<subfield code="a">Recataloging - added Jahrgang 1942, Nr. 51 (18. Dez. 1942), edited record for digitization</subfield>
<subfield code="c">20130416</subfield>
<subfield code="k">tb</subfield>
</datafield>
<datafield ind1=" " ind2=" " tag="541">
<subfield code="a">Maimon Schwarzschild</subfield>
<subfield code="d">20100830</subfield>
<subfield code="e">20102551</subfield>
</datafield>
<datafield ind1=" " ind2=" " tag="541">
<subfield code="a">Unknown</subfield>
<subfield code="d">20101103</subfield>
<subfield code="e">LBISE-20100411</subfield>
</datafield>
<datafield ind1=" " ind2=" " tag="541">
<subfield code="a">Unknown</subfield>
<subfield code="d">20101223</subfield>
<subfield code="e">LBISE-20100699</subfield>
</datafield>
<datafield ind1=" " ind2=" " tag="583">
<subfield code="a">Recataloging - Added new issue [Jg. 1939, Nr. 58] to LBI collection from donation (LBISE-20100411)</subfield>
<subfield code="c">20110128</subfield>
<subfield code="k">ma</subfield>
</datafield>
<datafield ind1=" " ind2=" " tag="541">
<subfield code="a">Unknown</subfield>
<subfield code="d">20101103</subfield>
<subfield code="e">LBISE-20100411</subfield>
</datafield>
<datafield ind1=" " ind2=" " tag="583">
<subfield code="a">Recataloging - Added various new and duplicate loose issues to the LBI collection from Schwarschzild donation LBILD-20102551 &amp; unknown donations LBISE-20100411, LBISE-20100699.</subfield>
<subfield code="c">20110422</subfield>
<subfield code="k">ma</subfield>
</datafield>
<datafield ind1=" " ind2=" " tag="583">
<subfield code="a">Recataloging - added 780 field</subfield>
<subfield code="c">20130325</subfield>
<subfield code="k">tb</subfield>
</datafield>
<datafield ind1=" " ind2=" " tag="541">
<subfield code="a">Unknown</subfield>
<subfield code="d">20101103</subfield>
<subfield code="e">LBISE-20100411</subfield>
</datafield>
<datafield ind1=" " ind2=" " tag="590">
<subfield code="a">20101103</subfield>
<subfield code="e">LBISE-20100411</subfield>
</datafield>
<datafield ind1=" " ind2=" " tag="541">
<subfield code="a">LBI Archives</subfield>
<subfield code="d">20130416</subfield>
<subfield code="e">20130938</subfield>
</datafield>
<datafield ind1=" " ind2=" " tag="590">
<subfield code="a">20130416</subfield>
<subfield code="e">LBILD-20130938</subfield>
</datafield>
<datafield ind1=" " ind2="0" tag="651">
<subfield code="a">Berlin (Germany)</subfield>
<subfield code="5">LBI</subfield>
</datafield>
<datafield ind1=" " ind2="0" tag="650">
<subfield code="a">Jews</subfield>
<subfield code="z">Germany</subfield>
<subfield code="z">Berlin</subfield>
<subfield code="v">Periodicals.</subfield>
</datafield>
<datafield ind1=" " ind2="0" tag="650">
<subfield code="a">Jews</subfield>
<subfield code="z">Germany</subfield>
<subfield code="z">Berlin</subfield>
<subfield code="v">Newspapers.</subfield>
</datafield>
<datafield ind1=" " ind2="0" tag="650">
<subfield code="a">Jews</subfield>
<subfield code="x">Persecutions</subfield>
<subfield code="z">Germany</subfield>
<subfield code="z">Berlin.</subfield>
</datafield>
<datafield ind1=" " ind2="0" tag="650">
<subfield code="a">Jews</subfield>
<subfield code="z">Germany</subfield>
<subfield code="x">Migrations.</subfield>
</datafield>
<datafield ind1=" " ind2="0" tag="650">
<subfield code="a">German-language periodicals</subfield>
<subfield code="5">CJH</subfield>
</datafield>
<datafield ind1=" " ind2="0" tag="650">
<subfield code="a">Jewish periodicals</subfield>
</datafield>
<datafield ind1=" " ind2="0" tag="650">
<subfield code="a">Periodicals</subfield>
<subfield code="z">Germany</subfield>
</datafield>
<datafield ind1=" " ind2="0" tag="650">
<subfield code="a">Periodicals</subfield>
<subfield code="z">Germany</subfield>
<subfield code="z">Berlin</subfield>
</datafield>
<datafield ind1=" " ind2="7" tag="655">
<subfield code="a">Periodicals</subfield>
<subfield code="2">cjh</subfield>
</datafield>
<datafield ind1=" " ind2="7" tag="655">
<subfield code="a">Newspapers</subfield>
<subfield code="2">cjh</subfield>
</datafield>
<datafield ind1="1" ind2=" " tag="700">
<subfield code="a">Kreindler, Leo.</subfield>
</datafield>
<datafield ind1="1" ind2=" " tag="700">
<subfield code="a">Pless, Willi.</subfield>
</datafield>
<datafield ind1="1" ind2=" " tag="700">
<subfield code="a">Hirschfeld, Hans,</subfield>
<subfield code="d">1873-1944</subfield>
</datafield>
<datafield ind1=" " ind2=" " tag="752">
<subfield code="a">Germany</subfield>
<subfield code="d">Berlin</subfield>
</datafield>
<datafield ind1="1" ind2="2" tag="780">
<subfield code="a">Gemeindeblatt der Jüdischen Gemeinde zu Berlin (1911-1938)</subfield>
</datafield>
<datafield ind1=" " ind2=" " tag="852">
<subfield code="a">Leo Baeck Institute</subfield>
<subfield code="b">LBI Library</subfield>
<subfield code="e">15 West 16th Street, New York, N.Y. 10011</subfield>
<subfield code="h">B428</subfield>
</datafield>
<datafield ind1=" " ind2=" " tag="094">
<subfield code="a">B428</subfield>
</datafield>
<datafield ind1=" " ind2=" " tag="336">
<subfield code="a">text</subfield>
<subfield code="2">rdacontent</subfield>
</datafield>
<datafield ind1=" " ind2=" " tag="337">
<subfield code="a">computer</subfield>
<subfield code="2">rdamedia</subfield>
</datafield>
<datafield ind1=" " ind2=" " tag="338">
<subfield code="a">online resource</subfield>
<subfield code="2">rdacarrier</subfield>
</datafield>
<datafield ind1=" " ind2=" " tag="952">
<subfield code="a">NNLBI</subfield>
<subfield code="b">LBISE</subfield>
<subfield code="h">B428</subfield>
</datafield>
<datafield ind1=" " ind2=" " tag="SID">
<subfield code="a">Z39</subfield>
<subfield code="b">ALEPH_Z39</subfield>
</datafield>
<datafield ind2=" " ind1=" " tag="856"><subfield code="u">http://digital.cjh.org/webclient/DeliveryManager?pid=1937181&amp;custom_att_2=simple_viewer</subfield></datafield><datafield ind2=" " ind1=" " tag="856"><subfield code="x">
				http://digital.cjh.org/webclient/DeliveryManager?pid=1937180</subfield></datafield></record></metadata></record>