<record><header><identifier>oai:digital.cjh.org:1954012</identifier><datestamp>2015-03-10T18:40:44Z</datestamp><setSpec>LBI_periodicals</setSpec></header><metadata>
<record xmlns="http://www.loc.gov/MARC21/slim" xmlns:xsi="http://www.w3.org/2001/XMLSchema-instance" xsi:schemaLocation="http://www.loc.gov/MARC21/slim http://www.loc.gov/standards/marcxml/schema/MARC21slim.xsd">
<leader>02155nas a2200493 a 4500</leader>
<controlfield tag="FMT">SE</controlfield>
<controlfield tag="001">000279892</controlfield>
<controlfield tag="005">20130225134411.0</controlfield>
<controlfield tag="008">080215d19291930gw wr p s     0    0ger d</controlfield>
<datafield ind1=" " ind2=" " tag="040">
<subfield code="a">NNLBI</subfield>
</datafield>
<datafield ind1="0" ind2=" " tag="041">
<subfield code="a">ger</subfield>
</datafield>
<datafield ind1=" " ind2=" " tag="050">
<subfield code="a">DS 149 A12</subfield>
</datafield>
<datafield ind1="2" ind2=" " tag="110">
<subfield code="a">Berliner Zionistische Vereinigung.</subfield>
</datafield>
<datafield ind1="1" ind2="0" tag="240">
<subfield code="a">Berliner jüdische Zeitung (Berlin, Germany : 1929-[1930?])</subfield>
</datafield>
<datafield ind1="1" ind2="0" tag="245">
<subfield code="a">Berliner jüdische Zeitung herausgegeben von der Berliner Zionistischen Vereinigung.</subfield>
</datafield>
<datafield ind1=" " ind2=" " tag="260">
<subfield code="a">Berlin :</subfield>
<subfield code="b">Berliner Zionistische Vereinigung,</subfield>
<subfield code="c">1929-[1930?].</subfield>
</datafield>
<datafield ind1=" " ind2=" " tag="300">
<subfield code="a">1 online resource (numbers : illustrations, portraits)</subfield>
</datafield>
<datafield ind1=" " ind2=" " tag="310">
<subfield code="a">Weekly</subfield>
</datafield>
<datafield ind1="1" ind2=" " tag="362">
<subfield code="a">Began publication with: Nr. 1 (15. Sept. 1929).</subfield>
</datafield>
<datafield ind1="1" ind2=" " tag="362">
<subfield code="a">Ceased publication with: Nr. 12/13 (30. März 1930)?</subfield>
</datafield>
<datafield ind1=" " ind2=" " tag="500">
<subfield code="a">Description based on: Nr. 1 (15. September 1929); caption title.</subfield>
</datafield>
<datafield ind1=" " ind2=" " tag="520">
<subfield code="a">A magazine for the Berlin Jewish community published by the Berlin Zionist Organization.</subfield>
</datafield>
<datafield ind1=" " ind2=" " tag="546">
<subfield code="a">German</subfield>
</datafield>
<datafield ind1=" " ind2=" " tag="500">
<subfield code="a">Latest issue consulted: Nr. 12/13 (30. März 1930).</subfield>
</datafield>
<datafield ind1=" " ind2=" " tag="500">
<subfield code="a">LBI library has 21 issues.</subfield>
</datafield>
<datafield ind1=" " ind2=" " tag="515">
<subfield code="a">Many issues published as combined numbers.</subfield>
</datafield>
<datafield ind1=" " ind2="0" tag="650">
<subfield code="a">Zionism</subfield>
<subfield code="z">Germany</subfield>
<subfield code="z">Berlin</subfield>
<subfield code="v">Periodicals.</subfield>
</datafield>
<datafield ind1="2" ind2="0" tag="610">
<subfield code="a">Berliner Zionistische Vereinigung.</subfield>
<subfield code="v">Periodicals.</subfield>
</datafield>
<datafield ind1=" " ind2="0" tag="650">
<subfield code="a">Jews</subfield>
<subfield code="z">Germany</subfield>
<subfield code="z">Berlin</subfield>
<subfield code="v">Periodicals.</subfield>
</datafield>
<datafield ind1=" " ind2="0" tag="650">
<subfield code="a">German-language periodicals</subfield>
<subfield code="5">CJH</subfield>
</datafield>
<datafield ind1=" " ind2="0" tag="650">
<subfield code="a">Jewish periodicals</subfield>
<subfield code="5">LBI</subfield>
</datafield>
<datafield ind1=" " ind2="0" tag="650">
<subfield code="a">Periodicals</subfield>
<subfield code="z">Germany</subfield>
<subfield code="5">LBI</subfield>
</datafield>
<datafield ind1=" " ind2="0" tag="650">
<subfield code="a">Periodicals</subfield>
<subfield code="z">Germany</subfield>
<subfield code="z">Berlin</subfield>
<subfield code="5">LBI</subfield>
</datafield>
<datafield ind1=" " ind2="7" tag="655">
<subfield code="a">Periodicals</subfield>
<subfield code="2">cjh</subfield>
</datafield>
<datafield ind1=" " ind2="7" tag="655">
<subfield code="a">Newspapers</subfield>
<subfield code="2">cjh</subfield>
</datafield>
<datafield ind1=" " ind2=" " tag="852">
<subfield code="a">Leo Baeck Institute</subfield>
<subfield code="b">LBI Library</subfield>
<subfield code="e">15 West 16th Street, New York, NY 10011</subfield>
<subfield code="h">B28</subfield>
</datafield>
<datafield ind1=" " ind2=" " tag="094">
<subfield code="a">B28</subfield>
</datafield>
<datafield ind1=" " ind2=" " tag="336">
<subfield code="a">text</subfield>
<subfield code="2">rdacontent</subfield>
</datafield>
<datafield ind1=" " ind2=" " tag="337">
<subfield code="a">computer</subfield>
<subfield code="2">rdamedia</subfield>
</datafield>
<datafield ind1=" " ind2=" " tag="338">
<subfield code="a">online resources</subfield>
<subfield code="2">rdacarrier</subfield>
</datafield>
<datafield ind1=" " ind2=" " tag="SID">
<subfield code="a">Z39</subfield>
<subfield code="b">ALEPH_Z39</subfield>
</datafield>
<datafield ind2=" " ind1=" " tag="856"><subfield code="u">http://digital.cjh.org/webclient/DeliveryManager?pid=1954012&amp;custom_att_2=simple_viewer</subfield></datafield><datafield ind2=" " ind1=" " tag="856"><subfield code="x">
				http://digital.cjh.org/webclient/DeliveryManager?pid=1954013</subfield></datafield></record></metadata></record>