<record><header><identifier>oai:digital.cjh.org:1991312</identifier><datestamp>2015-03-10T18:40:44Z</datestamp><setSpec>LBI_periodicals</setSpec></header><metadata>
<record xmlns="http://www.loc.gov/MARC21/slim" xmlns:xsi="http://www.w3.org/2001/XMLSchema-instance" xsi:schemaLocation="http://www.loc.gov/MARC21/slim http://www.loc.gov/standards/marcxml/schema/MARC21slim.xsd">
<leader>04329nas a2200709 a 4500</leader>
<controlfield tag="FMT">SE</controlfield>
<controlfield tag="001">000280026</controlfield>
<controlfield tag="005">20140225160826.0</controlfield>
<controlfield tag="008">071030d19111938gw wr p s     0    0ger d</controlfield>
<datafield ind1=" " ind2=" " tag="040">
<subfield code="a">NNLBI</subfield>
<subfield code="e">rda</subfield>
</datafield>
<datafield ind1="0" ind2=" " tag="041">
<subfield code="a">ger</subfield>
</datafield>
<datafield ind1=" " ind2=" " tag="050">
<subfield code="a">DS 135 G4 B4</subfield>
</datafield>
<datafield ind1="2" ind2=" " tag="110">
<subfield code="a">Jüdische Gemeinde zu Berlin</subfield>
</datafield>
<datafield ind1="1" ind2="0" tag="245">
<subfield code="a">Gemeindeblatt der Jüdischen Gemeinde zu Berlin /</subfield>
<subfield code="c">amtliches Organ des Gemeindevorstandes.</subfield>
</datafield>
<datafield ind1="1" ind2="3" tag="246">
<subfield code="a">Jüdisches Gemeindeblatt : Organ des Vorstandes der jüdischen Gemeinde zu Berlin</subfield>
<subfield code="f">(Jahrg. 27, Nr. 31 (Aug. 1, 1937)-Jg. 28, Nr. 45 (Nov. 6, 1938))</subfield>
</datafield>
<datafield ind1=" " ind2=" " tag="260">
<subfield code="a">Berlin :</subfield>
<subfield code="b">Druck und Verlag: Goedecke &amp; Gallinek, königl. Hofbuchdrucker,</subfield>
<subfield code="c">1911-1938.</subfield>
</datafield>
<datafield ind1=" " ind2=" " tag="300">
<subfield code="a">1 online resource (28 volumes : illustrations) :</subfield>
</datafield>
<datafield ind1=" " ind2=" " tag="310">
<subfield code="a">Weekly,</subfield>
<subfield code="b">Feb. 2, 1934-Nov. 6. 1938</subfield>
</datafield>
<datafield ind1=" " ind2=" " tag="321">
<subfield code="a">Monthly,</subfield>
<subfield code="b">1911-Jan. 1934</subfield>
</datafield>
<datafield ind1="0" ind2=" " tag="362">
<subfield code="a">Jahrg. 1, Nr. 1 (15. Jan. 1911)- Jg. 28, Nr. 45 (Nov. 6, 1938)</subfield>
</datafield>
<datafield ind1=" " ind2=" " tag="500">
<subfield code="a">Title varies: Jahrg. 27, Nr. 31 (Aug. 1, 1937) -Jg. 28, Nr. 45 (Nov. 6, 1938), Jüdisches Gemeindeblatt : Organ des Vorstandes der jüdischen Gemeinde zu Berlin.</subfield>
</datafield>
<datafield ind1=" " ind2=" " tag="500">
<subfield code="a">Imprint varies. &lt;-Jahrg. 15- &gt;: Vorstand der jüdischen Gemeinde, Berlin; &lt;-Jahrg. 19-24 &gt;: Verlag Ost und West, Leo Winz, Berlin; &lt; Jahrg. 25-28 &gt; Vorstand der jüdischen Gemeinde, Berlin.</subfield>
</datafield>
<datafield ind1=" " ind2=" " tag="500">
<subfield code="a">Editors: 1911 - Dec. 1912, Albert Jacoby; Jan. 1913 - Feb. 1923, Simon Bernfeld; March 1923 - June 1931, Ismar Freund; Aug. 1931 - June 1932, Leo Winz; July 1932 - Nov. 1938, Leo Kreindler</subfield>
</datafield>
<datafield ind1=" " ind2=" " tag="500">
<subfield code="a">Superseded by its Jüdisches Nachrichtenblatt (Berlin, Germany : 1938-1943)</subfield>
</datafield>
<datafield ind1=" " ind2=" " tag="515">
<subfield code="a">Some issues for v. 14 may be misnumbered. No. 5 may be misnumbered 6.</subfield>
</datafield>
<datafield ind1=" " ind2=" " tag="520">
<subfield code="a">The newspaper for the Jewish community of Berlin.</subfield>
</datafield>
<datafield ind1=" " ind2=" " tag="530">
<subfield code="a">Digital form available from Internet Archive.</subfield>
</datafield>
<datafield ind1=" " ind2=" " tag="546">
<subfield code="a">German</subfield>
</datafield>
<datafield ind1=" " ind2="0" tag="651">
<subfield code="a">Berlin (Germany)</subfield>
<subfield code="5">LBI</subfield>
</datafield>
<datafield ind1=" " ind2="0" tag="650">
<subfield code="a">Jews</subfield>
<subfield code="z">Germany</subfield>
<subfield code="z">Berlin</subfield>
<subfield code="v">Periodicals.</subfield>
</datafield>
<datafield ind1=" " ind2="0" tag="650">
<subfield code="a">German-language periodicals</subfield>
<subfield code="5">CJH</subfield>
</datafield>
<datafield ind1=" " ind2="0" tag="650">
<subfield code="a">Jewish periodicals</subfield>
<subfield code="5">LBI</subfield>
</datafield>
<datafield ind1=" " ind2="0" tag="650">
<subfield code="a">Periodicals</subfield>
<subfield code="z">Germany</subfield>
<subfield code="5">LBI</subfield>
</datafield>
<datafield ind1=" " ind2="0" tag="650">
<subfield code="a">Periodicals</subfield>
<subfield code="z">Germany</subfield>
<subfield code="z">Berlin</subfield>
<subfield code="5">LBI</subfield>
</datafield>
<datafield ind1=" " ind2="7" tag="655">
<subfield code="a">Periodicals</subfield>
<subfield code="2">cjh</subfield>
</datafield>
<datafield ind1=" " ind2="7" tag="655">
<subfield code="a">Newspapers</subfield>
<subfield code="2">cjh</subfield>
</datafield>
<datafield ind1="1" ind2=" " tag="700">
<subfield code="a">Jacoby, Albert.</subfield>
</datafield>
<datafield ind1="1" ind2=" " tag="700">
<subfield code="a">Bernfeld, Simon,</subfield>
<subfield code="d">1860-1940</subfield>
</datafield>
<datafield ind1="1" ind2=" " tag="700">
<subfield code="a">Freund, Ismar,</subfield>
<subfield code="d">1876-1956.</subfield>
</datafield>
<datafield ind1="1" ind2=" " tag="700">
<subfield code="a">Winz, Leo.</subfield>
</datafield>
<datafield ind1="1" ind2=" " tag="700">
<subfield code="a">Kreindler, Leo.,</subfield>
</datafield>
<datafield ind1="0" ind2="2" tag="785">
<subfield code="a">Jüdisches Nachrichtenblatt (Berlin, Germany : 1938-1943)</subfield>
</datafield>
<datafield ind1=" " ind2=" " tag="852">
<subfield code="a">Leo Baeck Institute</subfield>
<subfield code="b">LBI Library</subfield>
<subfield code="e">15 West 16th Street, New York, NY 10011</subfield>
<subfield code="h">B427</subfield>
</datafield>
<datafield ind1=" " ind2=" " tag="094">
<subfield code="a">B427</subfield>
</datafield>
<datafield ind1=" " ind2=" " tag="336">
<subfield code="a">text</subfield>
<subfield code="2">rdacontent</subfield>
</datafield>
<datafield ind1=" " ind2=" " tag="337">
<subfield code="a">computer</subfield>
<subfield code="2">rdamedia</subfield>
</datafield>
<datafield ind1=" " ind2=" " tag="338">
<subfield code="a">online resources</subfield>
<subfield code="2">rdacarrier</subfield>
</datafield>
<datafield ind2=" " ind1=" " tag="856"><subfield code="u">http://digital.cjh.org/webclient/DeliveryManager?pid=1991312&amp;custom_att_2=simple_viewer</subfield></datafield><datafield ind2=" " ind1=" " tag="856"><subfield code="x">
				http://digital.cjh.org/webclient/DeliveryManager?pid=1991313</subfield></datafield></record></metadata></record>