<record><header><identifier>oai:digital.cjh.org:1954016</identifier><datestamp>2015-03-10T18:40:44Z</datestamp><setSpec>LBI_periodicals</setSpec></header><metadata>
<record xmlns="http://www.loc.gov/MARC21/slim" xmlns:xsi="http://www.w3.org/2001/XMLSchema-instance" xsi:schemaLocation="http://www.loc.gov/MARC21/slim http://www.loc.gov/standards/marcxml/schema/MARC21slim.xsd">
<leader>03272nas a2200565 u 4500</leader>
<controlfield tag="FMT">SE</controlfield>
<controlfield tag="001">000414843</controlfield>
<controlfield tag="005">20130709151150.0</controlfield>
<controlfield tag="008">120626d18971905au qr p s     0    0ger d</controlfield>
<datafield ind1=" " ind2=" " tag="040">
<subfield code="a">NNLBI</subfield>
</datafield>
<datafield ind1="0" ind2=" " tag="041">
<subfield code="a">ger</subfield>
</datafield>
<datafield ind1=" " ind2=" " tag="050">
<subfield code="a">HS 1510 B59 A8 V587</subfield>
</datafield>
<datafield ind1="2" ind2="0" tag="110">
<subfield code="a">U.O.B.B. Humanitätsverein "Wien"</subfield>
</datafield>
<datafield ind1="1" ind2="0" tag="245">
<subfield code="a">Vierteljahrs-bericht für die Mitglieder der österr. israel. Humanitätsvereine "B'nai B'rith" /</subfield>
<subfield code="c">herausgegeben vom Humanitätsverein "Wien" B.B. ; redigirt von Dr. S. Ehrmann.</subfield>
</datafield>
<datafield ind1="1" ind2="1" tag="246">
<subfield code="a">Vierteljahrsbericht für die Mitglieder der österreichischen israelitischen Humanitätsvereine "B'nai B'rith"</subfield>
</datafield>
<datafield ind1="1" ind2="3" tag="246">
<subfield code="a">Vierteljahrsberichte für die Mitglieder der österr. israel. Humanitätsvereine "B'nai B'rith"</subfield>
</datafield>
<datafield ind1=" " ind2=" " tag="260">
<subfield code="a">Wien :</subfield>
<subfield code="b">Verlag des israel. Humanitäts-Vereines "Wien" B'nai B'rith, IX., Universitätsstrasse 4,</subfield>
<subfield code="c">[1897?-1905?].</subfield>
</datafield>
<datafield ind1=" " ind2=" " tag="300">
<subfield code="a">1 online resource (volumes : tables)</subfield>
</datafield>
<datafield ind1=" " ind2=" " tag="310">
<subfield code="a">Quarterly</subfield>
</datafield>
<datafield ind1="1" ind2=" " tag="362">
<subfield code="a">Began with: Jahrg. 1, Nr. 1 (1897)?-</subfield>
</datafield>
<datafield ind1="1" ind2=" " tag="362">
<subfield code="a">Ceased publication in 1905?</subfield>
</datafield>
<datafield ind1=" " ind2=" " tag="500">
<subfield code="a">Vols. 4-6 (1901-1903) has a previous library's label on front cover: Bibliothek der israelitischen Kultusgemeinde in Wien. I, 232, Per. 122.</subfield>
</datafield>
<datafield ind1=" " ind2=" " tag="520">
<subfield code="a">The quarterly report of the members of the Viennese B'nai B'rith association, a Jewish fraternity and service organization.</subfield>
</datafield>
<datafield ind1=" " ind2=" " tag="546">
<subfield code="a">German</subfield>
</datafield>
<datafield ind1=" " ind2=" " tag="500">
<subfield code="a">Vols. 4-6 (1901-1903) is stamped on p. [1]: Bibliothek der isr. Cultusgemeinde Wien.</subfield>
</datafield>
<datafield ind1=" " ind2=" " tag="500">
<subfield code="a">Vols. 4-6 (1901-1903) have "Per. 122" written on the front pastedown.</subfield>
</datafield>
<datafield ind1=" " ind2=" " tag="500">
<subfield code="a">Continued by: Zweimonats-Bericht für die österr. israel. Humanitätsvereine "B'nai B'rith" ([1905?-1922?])</subfield>
</datafield>
<datafield ind1=" " ind2=" " tag="500">
<subfield code="a">Numbering continued by: Zweimonats-Bericht für die österr. israel. Humanitätsvereine "B'nai B'rith" ([1905?-1922?])</subfield>
</datafield>
<datafield ind1=" " ind2="0" tag="650">
<subfield code="a">Jews</subfield>
<subfield code="z">Austria</subfield>
<subfield code="x">Charities</subfield>
<subfield code="v">Periodicals.</subfield>
</datafield>
<datafield ind1="2" ind2="0" tag="610">
<subfield code="a">U.O.B.B. Humanitätsverein "Wien"</subfield>
<subfield code="v">Periodicals.</subfield>
</datafield>
<datafield ind1="2" ind2="0" tag="610">
<subfield code="a">Verband der Israelitischen Humanitätsvereine "B'nai B'rith" für Österreich</subfield>
<subfield code="v">Periodicals.</subfield>
</datafield>
<datafield ind1="2" ind2="0" tag="610">
<subfield code="a">B'nai B'rith</subfield>
<subfield code="b">District no. 12</subfield>
<subfield code="v">Periodicals.</subfield>
</datafield>
<datafield ind1=" " ind2="0" tag="650">
<subfield code="a">Jewish periodicals.</subfield>
</datafield>
<datafield ind1=" " ind2="0" tag="650">
<subfield code="a">Periodicals</subfield>
<subfield code="z">Austria.</subfield>
</datafield>
<datafield ind1=" " ind2="0" tag="650">
<subfield code="a">Periodicals</subfield>
<subfield code="z">Austria</subfield>
<subfield code="z">Vienna.</subfield>
</datafield>
<datafield ind1=" " ind2="0" tag="651">
<subfield code="a">Vienna (Austria)</subfield>
</datafield>
<datafield ind1=" " ind2="0" tag="650">
<subfield code="a">German-language periodicals</subfield>
<subfield code="5">CJH</subfield>
</datafield>
<datafield ind1=" " ind2="7" tag="655">
<subfield code="a">Periodicals</subfield>
<subfield code="2">cjh</subfield>
</datafield>
<datafield ind1=" " ind2="7" tag="655">
<subfield code="a">Newsletters</subfield>
<subfield code="2">cjh</subfield>
</datafield>
<datafield ind1="2" ind2=" " tag="710">
<subfield code="a">B'nai B'rith</subfield>
<subfield code="b">District no. 12.</subfield>
<subfield code="b">Loge "Wien".</subfield>
</datafield>
<datafield ind1="1" ind2=" " tag="700">
<subfield code="a">Ehrmann, Salomon,</subfield>
<subfield code="d">1854-1926.</subfield>
</datafield>
<datafield ind1="1" ind2="0" tag="785">
<subfield code="a">Zweimonats-Bericht für die Mitglieder der österreichischen israelitischen Humanitätsvereine "B'nai B'rith" ([1905?-1922?])</subfield>
</datafield>
<datafield ind1=" " ind2=" " tag="852">
<subfield code="a">Leo Baeck Institute</subfield>
<subfield code="b">LBI Library</subfield>
<subfield code="e">15 West 16th Street, New York, NY 10011</subfield>
<subfield code="h">B41.1</subfield>
</datafield>
<datafield ind1=" " ind2=" " tag="094">
<subfield code="a">B41.1</subfield>
</datafield>
<datafield ind1=" " ind2=" " tag="336">
<subfield code="a">text</subfield>
<subfield code="2">rdacontent</subfield>
</datafield>
<datafield ind1=" " ind2=" " tag="337">
<subfield code="a">computer</subfield>
<subfield code="2">rdamedia</subfield>
</datafield>
<datafield ind1=" " ind2=" " tag="338">
<subfield code="a">online resource</subfield>
<subfield code="2">rdacarrier</subfield>
</datafield>
<datafield ind1=" " ind2=" " tag="SID">
<subfield code="a">Z39</subfield>
<subfield code="b">ALEPH_Z39</subfield>
</datafield>
<datafield ind2=" " ind1=" " tag="856"><subfield code="u">http://digital.cjh.org/webclient/DeliveryManager?pid=1954016&amp;custom_att_2=simple_viewer</subfield></datafield><datafield ind2=" " ind1=" " tag="856"><subfield code="x">
				http://digital.cjh.org/webclient/DeliveryManager?pid=1954017</subfield></datafield></record></metadata></record>