<record><header><identifier>oai:digital.cjh.org:1956823</identifier><datestamp>2015-03-10T18:40:44Z</datestamp><setSpec>LBI_periodicals</setSpec></header><metadata>
<record xmlns="http://www.loc.gov/MARC21/slim" xmlns:xsi="http://www.w3.org/2001/XMLSchema-instance" xsi:schemaLocation="http://www.loc.gov/MARC21/slim http://www.loc.gov/standards/marcxml/schema/MARC21slim.xsd">
<leader>02954nas a2200481 a 4500</leader>
<controlfield tag="FMT">SE</controlfield>
<controlfield tag="001">000279882</controlfield>
<controlfield tag="005">20130912132155.0</controlfield>
<controlfield tag="008">060206d19271929gw mr p s     0    0ger d</controlfield>
<datafield ind1=" " ind2=" " tag="040">
<subfield code="a">NNLBI</subfield>
</datafield>
<datafield ind1="0" ind2=" " tag="041">
<subfield code="a">ger</subfield>
</datafield>
<datafield ind1=" " ind2=" " tag="050">
<subfield code="a">GV 612.5 N84</subfield>
</datafield>
<datafield ind1="2" ind2=" " tag="110">
<subfield code="a">Jüdischer Turn- und Sportverein "Bar Kochba" Nürnberg (Nuremberg, Germany)</subfield>
</datafield>
<datafield ind1="1" ind2="0" tag="240">
<subfield code="a">Bar Kochba Blätter (Nuremberg, Germany)</subfield>
</datafield>
<datafield ind1="1" ind2="0" tag="245">
<subfield code="a">Bar Kochba Blätter : Mitteilungen des Jüdischen Turn- und Sport-Vereins Bar Kochba Nürnberg e.V.</subfield>
</datafield>
<datafield ind1="1" ind2="4" tag="246">
<subfield code="i">Cover title:</subfield>
<subfield code="a">Bar Kochba Blätter Nürnberg</subfield>
</datafield>
<datafield ind1=" " ind2=" " tag="260">
<subfield code="a">Nürnberg :</subfield>
<subfield code="b">Buchdruckerei Emil Ziegel,</subfield>
<subfield code="c">1927-[1929?].</subfield>
</datafield>
<datafield ind1=" " ind2=" " tag="300">
<subfield code="a">1 online resource (volumes : illustrations)</subfield>
</datafield>
<datafield ind1=" " ind2=" " tag="310">
<subfield code="a">Monthly</subfield>
</datafield>
<datafield ind1="0" ind2=" " tag="362">
<subfield code="a">Jahrg. 1, Nr. 1 (Nov. 1927)-Jg. 2, Nr. 12 (Okt. 1929)</subfield>
</datafield>
<datafield ind1=" " ind2=" " tag="500">
<subfield code="a">After Jg. 2, Nr. 12 (Okt. 1929) the Bar Kochba Blätter Nürnberg was absorbed as a supplement to the "Nürnberg-Fürther israelitisches Gemeindeblatt" under the title "Mitteilungsblatt des Jüdischen Turn- und Sport-Vereins Bar Kochba Nürnberg."</subfield>
</datafield>
<datafield ind1=" " ind2=" " tag="520">
<subfield code="a">The newsletter of the Jewish Bar Kochba organization in Nuremberg. Many Jewish sports clubs were formed around the turn of the 20th century as a result of the Maccabi movement, which promoted a sense of shared Jewish identity through physical fitness. (Encyclopaedia Judaica, accessed 3/4/2013)</subfield>
</datafield>
<datafield ind1=" " ind2=" " tag="546">
<subfield code="a">German</subfield>
</datafield>
<datafield ind1=" " ind2="0" tag="650">
<subfield code="a">Jews</subfield>
<subfield code="z">Germany</subfield>
<subfield code="z">Nuremberg</subfield>
<subfield code="v">Periodicals.</subfield>
</datafield>
<datafield ind1="2" ind2="0" tag="610">
<subfield code="a">Jüdischer Turn- und Sportverein "Bar Kochba" Nürnberg (Nuremberg, Germany)</subfield>
<subfield code="v">Periodicals.</subfield>
</datafield>
<datafield ind1=" " ind2="0" tag="650">
<subfield code="a">Jews</subfield>
<subfield code="x">Sports</subfield>
<subfield code="z">Germany</subfield>
<subfield code="z">Nuremberg</subfield>
<subfield code="v">Periodicals.</subfield>
</datafield>
<datafield ind1=" " ind2="0" tag="650">
<subfield code="a">Athletic clubs</subfield>
<subfield code="z">Germany</subfield>
<subfield code="z">Nuremberg</subfield>
<subfield code="v">Periodicals.</subfield>
</datafield>
<datafield ind1=" " ind2="0" tag="650">
<subfield code="a">Jewish athletes</subfield>
<subfield code="z">Germany</subfield>
<subfield code="z">Nuremberg</subfield>
<subfield code="v">Periodicals.</subfield>
</datafield>
<datafield ind1=" " ind2="0" tag="650">
<subfield code="a">German-language periodicals</subfield>
<subfield code="5">CJH</subfield>
</datafield>
<datafield ind1=" " ind2="0" tag="650">
<subfield code="a">Jewish periodicals.</subfield>
</datafield>
<datafield ind1=" " ind2="0" tag="650">
<subfield code="a">Periodicals</subfield>
<subfield code="z">Germany</subfield>
<subfield code="z">Nuremberg.</subfield>
<subfield code="5">LBI</subfield>
</datafield>
<datafield ind1=" " ind2="0" tag="650">
<subfield code="a">Periodicals</subfield>
<subfield code="z">Germany</subfield>
<subfield code="5">LBI</subfield>
</datafield>
<datafield ind1=" " ind2="7" tag="655">
<subfield code="a">Periodicals</subfield>
<subfield code="2">cjh</subfield>
</datafield>
<datafield ind1=" " ind2="7" tag="655">
<subfield code="a">Newsletters</subfield>
<subfield code="2">cjh</subfield>
</datafield>
<datafield ind1="1" ind2="0" tag="785">
<subfield code="a">Mitteilungsblatt des Jüdischen Turn- und Sport-Vereins Bar Kochba Nürnberg (Jahrg. 3, Nr. 1 (Dez. 1929)- &lt; Jg. 6, Nr. 2 (März 1933) &gt; (Issues appeared in Jahrg. 9, Nr. 4 (Dez. 1929)-Jg. 13, Nr. 1 (März 1933) of Nürnberg-Fürther israelitisches Gemeindeblatt)</subfield>
</datafield>
<datafield ind1=" " ind2=" " tag="852">
<subfield code="a">Leo Baeck Institute</subfield>
<subfield code="b">LBI Library</subfield>
<subfield code="e">15 West 16th Street, New York, NY 10011</subfield>
<subfield code="h">B895</subfield>
</datafield>
<datafield ind1=" " ind2=" " tag="094">
<subfield code="a">B895</subfield>
</datafield>
<datafield ind1=" " ind2=" " tag="336">
<subfield code="a">text</subfield>
<subfield code="2">rdacontent</subfield>
</datafield>
<datafield ind1=" " ind2=" " tag="337">
<subfield code="a">computer</subfield>
<subfield code="2">rdamedia</subfield>
</datafield>
<datafield ind1=" " ind2=" " tag="338">
<subfield code="a">online resource</subfield>
<subfield code="2">rdacarrier</subfield>
</datafield>
<datafield ind1=" " ind2=" " tag="952">
<subfield code="a">NNLBI</subfield>
<subfield code="b">LBISE</subfield>
<subfield code="h">B895</subfield>
</datafield>
<datafield ind1=" " ind2=" " tag="SID">
<subfield code="a">Z39</subfield>
<subfield code="b">ALEPH_Z39</subfield>
</datafield>
<datafield ind2=" " ind1=" " tag="856"><subfield code="u">http://digital.cjh.org/webclient/DeliveryManager?pid=1956823&amp;custom_att_2=simple_viewer</subfield></datafield><datafield ind2=" " ind1=" " tag="856"><subfield code="x">
				http://digital.cjh.org/webclient/DeliveryManager?pid=1956824</subfield></datafield></record></metadata></record>