<record><header><identifier>oai:digital.cjh.org:1956825</identifier><datestamp>2015-03-10T18:40:44Z</datestamp><setSpec>LBI_periodicals</setSpec></header><metadata>
<record xmlns="http://www.loc.gov/MARC21/slim" xmlns:xsi="http://www.w3.org/2001/XMLSchema-instance" xsi:schemaLocation="http://www.loc.gov/MARC21/slim http://www.loc.gov/standards/marcxml/schema/MARC21slim.xsd">
<leader>03027cas  2200541La 4500</leader>
<controlfield tag="FMT">SE</controlfield>
<controlfield tag="001">000449747</controlfield>
<controlfield tag="005">20130730183650.0</controlfield>
<controlfield tag="008">040729d19351938is uu p s     0   a0ger d</controlfield>
<datafield ind1=" " ind2=" " tag="040">
<subfield code="a">NNLBI</subfield>
</datafield>
<datafield ind1="0" ind2=" " tag="041">
<subfield code="a">ger</subfield>
<subfield code="a">heb</subfield>
</datafield>
<datafield ind1=" " ind2=" " tag="043">
<subfield code="a">a-is---</subfield>
</datafield>
<datafield ind1=" " ind2=" " tag="050">
<subfield code="a">JV 8749</subfield>
</datafield>
<datafield ind1="1" ind2="0" tag="245">
<subfield code="a">Alon laoleh /</subfield>
<subfield code="c">ha-Histadrut ha-kelalit shel ha-'ovdim ha-'Ivrim be-Erets-Yisra'el, ha-Kibuts ha-me'uhad.</subfield>
</datafield>
<datafield ind1=" " ind2=" " tag="260">
<subfield code="a">Ejn-Charod, [Palestine] :</subfield>
<subfield code="b">ha-mazkirut, mahlakah la-'aliyah mi-Germanyah,</subfield>
<subfield code="c">[1935?-1938?].</subfield>
</datafield>
<datafield ind1=" " ind2=" " tag="300">
<subfield code="a">1 online resource (volumes)</subfield>
</datafield>
<datafield ind1="0" ind2=" " tag="362">
<subfield code="a">[No. 1 (1935)?]-[1938?]]</subfield>
</datafield>
<datafield ind1=" " ind2=" " tag="500">
<subfield code="a">Publication place varies. Issue no. 6 has the publication place: Givath Brenner.</subfield>
</datafield>
<datafield ind1=" " ind2=" " tag="546">
<subfield code="a">Title page in German and Hebrew; text in German</subfield>
</datafield>
<datafield ind1=" " ind2=" " tag="500">
<subfield code="a">Photoreproduction of the original.</subfield>
</datafield>
<datafield ind1=" " ind2=" " tag="500">
<subfield code="a">Mimiographic copy.</subfield>
</datafield>
<datafield ind1=" " ind2=" " tag="500">
<subfield code="a">Issue Nr. 6 (November 1936) has a stamp on the table of contents: Archival-Depot, Offenbach a.M.</subfield>
</datafield>
<datafield ind1=" " ind2=" " tag="520">
<subfield code="a">A newsletter for German Jews immigrating to the Kibbutzim 'Ein Harod and Giv'at Brener.</subfield>
</datafield>
<datafield ind1=" " ind2=" " tag="588">
<subfield code="a">Description based on: Nr. 22 (Juni/Juli 1938); title from cover.</subfield>
</datafield>
<datafield ind1=" " ind2="0" tag="650">
<subfield code="a">Jews, German</subfield>
<subfield code="z">Palestine</subfield>
<subfield code="v">Periodicals.</subfield>
</datafield>
<datafield ind1=" " ind2="0" tag="651">
<subfield code="a">Palestine</subfield>
<subfield code="x">Emigration and immigration</subfield>
<subfield code="v">Periodicals.</subfield>
</datafield>
<datafield ind1=" " ind2="0" tag="650">
<subfield code="a">Jewish periodicals.</subfield>
</datafield>
<datafield ind1=" " ind2="0" tag="650">
<subfield code="a">Periodicals</subfield>
<subfield code="z">Israel.</subfield>
</datafield>
<datafield ind1=" " ind2="0" tag="650">
<subfield code="a">Periodicals</subfield>
<subfield code="z">Palestine.</subfield>
</datafield>
<datafield ind1=" " ind2="0" tag="650">
<subfield code="a">Periodicals</subfield>
<subfield code="z">Israel</subfield>
<subfield code="z">'En Harod</subfield>
</datafield>
<datafield ind1=" " ind2="0" tag="650">
<subfield code="a">Periodicals</subfield>
<subfield code="z">Israel</subfield>
<subfield code="z">Giv'at Brener.</subfield>
</datafield>
<datafield ind1=" " ind2="0" tag="650">
<subfield code="a">Collective settlements</subfield>
<subfield code="z">Israel</subfield>
<subfield code="v">Periodicals.</subfield>
</datafield>
<datafield ind1=" " ind2="0" tag="650">
<subfield code="a">German-language periodicals</subfield>
<subfield code="5">CJH</subfield>
</datafield>
<datafield ind1=" " ind2="7" tag="655">
<subfield code="a">Periodicals</subfield>
<subfield code="2">cjh</subfield>
</datafield>
<datafield ind1=" " ind2="7" tag="655">
<subfield code="a">Newsletters</subfield>
<subfield code="2">cjh</subfield>
</datafield>
<datafield ind1="2" ind2=" " tag="710">
<subfield code="a">Mahlakah la-'aliyah mi-Germanyah.</subfield>
</datafield>
<datafield ind1="2" ind2=" " tag="710">
<subfield code="a">Histadrut ha-kelalit shel ha-'ovdim ha-'Ivrim be-Erets-Yisra'el.</subfield>
</datafield>
<datafield ind1=" " ind2=" " tag="852">
<subfield code="a">Leo Baeck Institute</subfield>
<subfield code="b">LBI Library</subfield>
<subfield code="e">15 West 16th Street, New York, NY 10011</subfield>
<subfield code="h">B898</subfield>
</datafield>
<datafield ind1=" " ind2=" " tag="094">
<subfield code="a">B898</subfield>
</datafield>
<datafield ind1=" " ind2=" " tag="336">
<subfield code="a">text</subfield>
<subfield code="2">rdacontent</subfield>
</datafield>
<datafield ind1=" " ind2=" " tag="337">
<subfield code="a">computer</subfield>
<subfield code="2">rdamedia</subfield>
</datafield>
<datafield ind1=" " ind2=" " tag="338">
<subfield code="a">online resource</subfield>
<subfield code="2">rdacarrier</subfield>
</datafield>
<datafield ind1=" " ind2=" " tag="SID">
<subfield code="a">Z39</subfield>
<subfield code="b">ALEPH_Z39</subfield>
</datafield>
<datafield ind2=" " ind1=" " tag="856"><subfield code="u">http://digital.cjh.org/webclient/DeliveryManager?pid=1956825&amp;custom_att_2=simple_viewer</subfield></datafield><datafield ind2=" " ind1=" " tag="856"><subfield code="x">
				http://digital.cjh.org/webclient/DeliveryManager?pid=1956826</subfield></datafield></record></metadata></record>