<record><header><identifier>oai:digital.cjh.org:1734670</identifier><datestamp>2015-03-10T18:40:44Z</datestamp><setSpec>LBI_periodicals</setSpec></header><metadata>
<record xmlns="http://www.loc.gov/MARC21/slim" xmlns:xsi="http://www.w3.org/2001/XMLSchema-instance" xsi:schemaLocation="http://www.loc.gov/MARC21/slim http://www.loc.gov/standards/marcxml/schema/MARC21slim.xsd">
<leader>     nam a22      a 4500</leader>
<controlfield tag="FMT">BK</controlfield>
<controlfield tag="008">      d19342004nyua          000 0 ger d</controlfield>
<datafield ind1=" " ind2=" " tag="040">
<subfield code="a">NNLBI</subfield>
</datafield>
<datafield ind1="0" ind2=" " tag="041">
<subfield code="a">ger</subfield>
<subfield code="a">eng</subfield>
</datafield>
<datafield ind1="0" ind2=" " tag="130">
<subfield code="a">Aufbau (New York, N.Y. : 1934-2004)</subfield>
</datafield>
<datafield ind1="1" ind2="0" tag="245">
<subfield code="a">Aufbau.</subfield>
</datafield>
<datafield ind1="0" ind2="1" tag="246">
<subfield code="i">Issues for &lt;1941-&gt; have English title:</subfield>
<subfield code="a">Reconstruction</subfield>
</datafield>
<datafield ind1=" " ind2=" " tag="260">
<subfield code="a">New York :</subfield>
<subfield code="b">German-Jewish Club,</subfield>
<subfield code="c">1934-2004.</subfield>
</datafield>
<datafield ind1=" " ind2=" " tag="300">
<subfield code="a">1 online resource (volumes : illustrations)</subfield>
</datafield>
<datafield ind1=" " ind2=" " tag="310">
<subfield code="a">Frequency varies</subfield>
</datafield>
<datafield ind1="0" ind2=" " tag="362">
<subfield code="a">1. Jahrg., Nr. 1 (1. Dez. 1934) - Vol. 70, No. 5 (April, 2004)</subfield>
</datafield>
<datafield ind1=" " ind2=" " tag="500">
<subfield code="a">Subtitle varies: Nachrichtenblatt des German-Jewish Club Inc (Jahrg. 1, Nr. 1 (1934)-Jg. 5, Nr. 5 (1939)); Blaetter fuer das Judentum (Jg. 5, Nr. 6 (1939)-Jg. 5, Nr. 18 (1939)); Serving the interests and the Americanization of the immigrants (Jg. 6, Nr. 1-Nr. 20 (1940)); Reconstruction (Jg. 7, Nr. 1 (1941); America's only German-Jewish publication ([194-?]); The Jewish paper for transatlantic dialogue: Jg. 68, Nr. 10 (2002); The transatlantic Jewish paper (-&lt;2004&gt;)</subfield>
</datafield>
<datafield ind1=" " ind2=" " tag="500">
<subfield code="a">Important editors and contributors: 1939-1965, edited by: Manfred George; After 1964, edited by: Hans Steinitz; occasionally after 1938: Will Schaber; 1985- 1994, Henry Marx; after 2005, edited by: Yves Kugelmann; contributor after 1941: Benedikt Fred Dolbin; after 1947: Moritz Goldstein, Pseud. Inquit; after 1946: Kurt Kersten; occasionally: Thomas Mann; Fritz von Unruh; Carl Zuckmayer; Franz Werfel; Lion Feuchtwanger; Ralph Giordano; Jens Reich; Stefan Heym; editor, contributor, illustrator, caricaturist and 1939-1982: Ludwig Wronkow; proofreader: Paul E. Marcus, PEM`</subfield>
</datafield>
<datafield ind1=" " ind2=" " tag="500">
<subfield code="a">Continued by: Aufbau (Zurich, Switzerland : 2005-) (LBI Library call number C14.1)</subfield>
</datafield>
<datafield ind1=" " ind2=" " tag="500">
<subfield code="a">Copyright: © JM Jüdische Medien AG / Serenade Verlag AG, Postfach 8027, Zürich, Switzerland. Users may access, download or print low resolution copies for research, teaching, and private study without obtaining written prior permission of JM. Commercial use or publication of any portion of the work requires prior written permission of JM Jüdische Medien AG / Serenade Verlag AG, Zürich.</subfield>
</datafield>
<datafield ind1=" " ind2=" " tag="506">
<subfield code="a">Public access to microform or digitized issues only. Use of hardcopy prohibited for 1934-1982.</subfield>
</datafield>
<datafield ind1=" " ind2=" " tag="520">
<subfield code="a">The Aufbau is a journal for German-speaking Jews around the globe. It was founded in 1934 by the German-Jewish Club which was later renamed the New World Club. It was published in New York until 2004. Hannah Arendt, Albert Einstein, Thomas Mann, and Stefan Zweig wrote for the publication. The original purpose of the journal was as a monthly newsletter for the club, which included information and helpful facts for Jewish refugees. The Aufbau became one of the leading anti-Nazi publications of the German press in exile. From September 1, 1944 through September 27, 1946, the Aufbau printed numerous lists of Jewish Holocaust survivors located in Europe, as well as a few lists of victims.</subfield>
</datafield>
<datafield ind1=" " ind2=" " tag="525">
<subfield code="a">Accompanied &lt; 1941- &gt; by supplements: Westkueste, Juedische Welt, Neu Volks-Zeitung, Die Zeitgeist</subfield>
</datafield>
<datafield ind1=" " ind2=" " tag="525">
<subfield code="a">Includes a supplement not printed separately: Wiedergutmachung ([1957?-197-?]). (LBI Library has additional issues of Wiedergutmachung that have been detached from Aufbau)</subfield>
</datafield>
<datafield ind1=" " ind2=" " tag="555">
<subfield code="a">An index to personal names that appeared in Aufbau between 1941 and 2003 is available online from the Aufbau Indexing Project.</subfield>
</datafield>
<datafield ind1=" " ind2="0" tag="650">
<subfield code="a">Jews</subfield>
<subfield code="z">United States</subfield>
<subfield code="v">Periodicals</subfield>
</datafield>
<datafield ind1=" " ind2="0" tag="650">
<subfield code="a">Jews, German</subfield>
<subfield code="z">United States</subfield>
<subfield code="v">Periodicals</subfield>
</datafield>
<datafield ind1=" " ind2="0" tag="650">
<subfield code="a">Jewish periodicals</subfield>
</datafield>
<datafield ind1=" " ind2="0" tag="650">
<subfield code="a">Periodicals</subfield>
<subfield code="z">United States</subfield>
</datafield>
<datafield ind1=" " ind2="0" tag="650">
<subfield code="a">Periodicals</subfield>
<subfield code="z">New York (State)</subfield>
<subfield code="z">New York</subfield>
</datafield>
<datafield ind1=" " ind2="0" tag="650">
<subfield code="a">German-language periodicals</subfield>
<subfield code="5">CJH</subfield>
</datafield>
<datafield ind1=" " ind2="0" tag="650">
<subfield code="a">English-language periodicals</subfield>
<subfield code="5">CJH</subfield>
</datafield>
<datafield ind1=" " ind2="7" tag="655">
<subfield code="a">Periodicals</subfield>
<subfield code="2">cjh</subfield>
</datafield>
<datafield ind1=" " ind2="7" tag="655">
<subfield code="a">Newspapers</subfield>
<subfield code="2">cjh</subfield>
</datafield>
<datafield ind1="2" ind2=" " tag="710">
<subfield code="a">German-Jewish Club.</subfield>
</datafield>
<datafield ind1="2" ind2=" " tag="710">
<subfield code="a">New World Club, New York</subfield>
<subfield code="5">LBI</subfield>
</datafield>
<datafield ind1="1" ind2="0" tag="785">
<subfield code="a">Aufbau (Zurich, Switzerland : 2005-)</subfield>
</datafield>
<datafield ind1=" " ind2=" " tag="852">
<subfield code="a">Leo Baeck Institute</subfield>
<subfield code="b">LBI Library</subfield>
<subfield code="e">15 West 16th Street , New York, NY 10011</subfield>
</datafield>
<datafield ind1=" " ind2=" " tag="094">
<subfield code="a">C14</subfield>
</datafield>
<datafield ind1=" " ind2=" " tag="336">
<subfield code="a">text</subfield>
<subfield code="2">rdacontent</subfield>
</datafield>
<datafield ind1=" " ind2=" " tag="337">
<subfield code="a">computer</subfield>
<subfield code="2">rdamedia</subfield>
</datafield>
<datafield ind1=" " ind2=" " tag="338">
<subfield code="a">online resource</subfield>
<subfield code="2">rdacarrier</subfield>
</datafield>
<datafield ind2=" " ind1=" " tag="856"><subfield code="u">http://digital.cjh.org/webclient/DeliveryManager?pid=1734670&amp;custom_att_2=simple_viewer</subfield></datafield><datafield ind2=" " ind1=" " tag="856"><subfield code="x">
				http://digital.cjh.org/webclient/DeliveryManager?pid=1734671</subfield></datafield></record></metadata></record>