<record><header><identifier>oai:digital.cjh.org:2334818</identifier><datestamp>2015-03-10T18:40:44Z</datestamp><setSpec>LBI_periodicals</setSpec></header><metadata>
<record xmlns="http://www.loc.gov/MARC21/slim" xmlns:xsi="http://www.w3.org/2001/XMLSchema-instance" xsi:schemaLocation="http://www.loc.gov/MARC21/slim http://www.loc.gov/standards/marcxml/schema/MARC21slim.xsd">
<leader>04005nas a2200517 a 4500</leader>
<controlfield tag="FMT">SE</controlfield>
<controlfield tag="001">000165807</controlfield>
<controlfield tag="005">20130816115927.0</controlfield>
<controlfield tag="008">060205d19331935gw mr p s     0    0ger d</controlfield>
<datafield ind1=" " ind2=" " tag="040">
<subfield code="a">NNLBI</subfield>
</datafield>
<datafield ind1="0" ind2=" " tag="041">
<subfield code="a">ger</subfield>
</datafield>
<datafield ind1=" " ind2=" " tag="050">
<subfield code="a">HS 2226 K8 A55</subfield>
</datafield>
<datafield ind1="2" ind2=" " tag="110">
<subfield code="a">Jüdischer Kulturbund</subfield>
</datafield>
<datafield ind1="1" ind2="0" tag="240">
<subfield code="a">Programm (Jüdischer Kulturbund : 1933-[1935?])</subfield>
</datafield>
<datafield ind1="1" ind2="0" tag="245">
<subfield code="a">Programm /</subfield>
<subfield code="c">Kulturbund Deutscher Juden.</subfield>
</datafield>
<datafield ind1=" " ind2=" " tag="300">
<subfield code="a">1 online resource (volumes : illustrations, portraits)</subfield>
</datafield>
<datafield ind1=" " ind2=" " tag="310">
<subfield code="a">Monthly</subfield>
</datafield>
<datafield ind1="0" ind2=" " tag="362">
<subfield code="a">[1933-1935?]</subfield>
</datafield>
<datafield ind1=" " ind2=" " tag="500">
<subfield code="a">Library has Oktober 1933 - Januar 1935</subfield>
</datafield>
<datafield ind1=" " ind2=" " tag="500">
<subfield code="a">Continued by: Kulturbundbühne / Jüdischer Kulturbund (Jahrgang 3 (1935)-Jahrgang 7 (1939)?)</subfield>
</datafield>
<datafield ind1=" " ind2=" " tag="500">
<subfield code="a">Imprint varies. After September 1934 published by: Verlag der Programmblätter des Kulturbundes Deutscher Juden, Georg Gordon.</subfield>
</datafield>
<datafield ind1=" " ind2=" " tag="500">
<subfield code="a">With issue Okt. 1934 the word "Programm" no longer appears in the title.</subfield>
</datafield>
<datafield ind1=" " ind2=" " tag="520">
<subfield code="a">Jüdischer Kulturbund (German for "Jewish cultural association") was a "German Jewish organization founded in Berlin in May 1933 when the National Socialist regime dismissed Jewish high school teachers, artists, and authors from their positions and excluded all Jews from German cultural life. The Juedischer Kulturbund was initiated by Kurt Baumann, a young theater director, and directed by Kurt Singer, who was a physician and a musician and a director of the Berlin Opera. Singer engaged some good Jewish artists to perform and also organized a series of lectures on scientific subjects. Their existence was accepted by the Gestapo only after the words 'German Jews' were eliminated from its title and their activities were under Nazi scrutiny. The Juedischer Kulturbund devoted itself to extensively spreading interest in Jewish art and culture in spite of the Nazi persecution and worked to secure continued cultural activity by providing funds from the resources of its members and through the communities themselves. Evidently the work of the Juedischer Kulturbund largely helped to maintain a closely knit Jewish population and awaken a love for the land of Israel by promoting Zionist ideas." (Source: Ansbacher, B. Mordechai, and Michael Berenbaum. "Juedischer Kulturbund." Encyclopaedia Judaica. Ed. Michael Berenbaum and Fred Skolnik. 2nd ed. Vol. 11. Detroit: Macmillan Reference USA, 2007. 570. Gale Virtual Reference Library. Web. 24 July 2013.)</subfield>
</datafield>
<datafield ind1=" " ind2=" " tag="530">
<subfield code="a">Also available online in digital format from "Juedische Zeitschriften in NS-Deutschland"</subfield>
</datafield>
<datafield ind1=" " ind2=" " tag="546">
<subfield code="a">German</subfield>
</datafield>
<datafield ind1=" " ind2=" " tag="583">
<subfield code="a">Recataloging - added new subject headings and edited record, added item records</subfield>
<subfield code="c">20101101</subfield>
<subfield code="k">tb</subfield>
</datafield>
<datafield ind1=" " ind2=" " tag="541">
<subfield code="a">LBI Archives</subfield>
<subfield code="d">20101119</subfield>
<subfield code="e">LBISE-20100530; Juli 1934 - Jg. 3, Nr. 1 (Januar 1935)</subfield>
</datafield>
<datafield ind1=" " ind2=" " tag="583">
<subfield code="a">Recataloging - edited record for digitization</subfield>
<subfield code="c">20130725</subfield>
<subfield code="k">tb</subfield>
</datafield>
<datafield ind1="2" ind2="0" tag="610">
<subfield code="a">Jüdischer Kulturbund</subfield>
<subfield code="v">Periodicals.</subfield>
</datafield>
<datafield ind1=" " ind2="0" tag="650">
<subfield code="a">Jews in the performing arts</subfield>
<subfield code="z">Germany</subfield>
<subfield code="z">Berlin</subfield>
<subfield code="v">Periodicals</subfield>
<subfield code="5">LBI</subfield>
</datafield>
<datafield ind1=" " ind2="0" tag="650">
<subfield code="a">Jewish theater</subfield>
<subfield code="z">Germany</subfield>
<subfield code="z">Berlin</subfield>
<subfield code="v">Periodicals</subfield>
<subfield code="5">LBI</subfield>
</datafield>
<datafield ind1=" " ind2="0" tag="650">
<subfield code="a">Theater programs</subfield>
<subfield code="5">LBI</subfield>
</datafield>
<datafield ind1=" " ind2="0" tag="650">
<subfield code="a">Concert programs</subfield>
<subfield code="5">LBI</subfield>
</datafield>
<datafield ind1=" " ind2="0" tag="650">
<subfield code="a">Jewish periodicals</subfield>
<subfield code="5">LBI</subfield>
</datafield>
<datafield ind1=" " ind2="0" tag="650">
<subfield code="a">German-language periodicals</subfield>
<subfield code="5">CJH</subfield>
</datafield>
<datafield ind1=" " ind2="0" tag="655">
<subfield code="a">Periodicals</subfield>
<subfield code="z">Germany.</subfield>
<subfield code="2">cjh</subfield>
</datafield>
<datafield ind1=" " ind2="0" tag="650">
<subfield code="a">Periodicals</subfield>
<subfield code="z">Germany</subfield>
<subfield code="z">Berlin</subfield>
<subfield code="5">LBI</subfield>
</datafield>
<datafield ind1=" " ind2="7" tag="655">
<subfield code="a">Periodicals</subfield>
<subfield code="2">cjh</subfield>
</datafield>
<datafield ind1=" " ind2="7" tag="655">
<subfield code="a">Newsletters</subfield>
<subfield code="2">cjh</subfield>
</datafield>
<datafield ind1="0" ind2="0" tag="785">
<subfield code="a">Kulturbundbühne (Jüdischer Kulturbund : 1935?-1939?)</subfield>
</datafield>
<datafield ind1=" " ind2=" " tag="852">
<subfield code="a">Leo Baeck Institute</subfield>
<subfield code="b">LBI Library</subfield>
<subfield code="e">15 West 16th Street, New York, NY 10011</subfield>
<subfield code="h">HS 2226 K8 A55</subfield>
</datafield>
<datafield ind1=" " ind2=" " tag="094">
<subfield code="a">HS 2226 K8 A55</subfield>
</datafield>
<datafield ind1=" " ind2="1" tag="264">
<subfield code="a">Berlin :</subfield>
<subfield code="b">Druck und Verlag: Goedecke &amp; Gallinek,</subfield>
<subfield code="c">1933-[1935?].</subfield>
</datafield>
<datafield ind1=" " ind2=" " tag="336">
<subfield code="a">text</subfield>
<subfield code="2">rdacontent</subfield>
</datafield>
<datafield ind1=" " ind2=" " tag="337">
<subfield code="a">computer</subfield>
<subfield code="2">rdamedia</subfield>
</datafield>
<datafield ind1=" " ind2=" " tag="338">
<subfield code="a">online resource</subfield>
<subfield code="2">rdacarrier</subfield>
</datafield>
<datafield ind1=" " ind2=" " tag="952">
<subfield code="a">NNLBI</subfield>
<subfield code="b">LBIBO</subfield>
<subfield code="h">HS 2226 K8 A55</subfield>
</datafield>
<datafield ind1=" " ind2=" " tag="SID">
<subfield code="a">Z39</subfield>
<subfield code="b">ALEPH_Z39</subfield>
</datafield>
<datafield ind2=" " ind1=" " tag="856"><subfield code="u">http://digital.cjh.org/webclient/DeliveryManager?pid=2334818&amp;custom_att_2=simple_viewer</subfield></datafield><datafield ind2=" " ind1=" " tag="856"><subfield code="x">
				http://digital.cjh.org/webclient/DeliveryManager?pid=2334819</subfield></datafield></record></metadata></record>