<record><header><identifier>oai:digital.cjh.org:1937111</identifier><datestamp>2015-03-10T18:40:44Z</datestamp><setSpec>LBI_periodicals</setSpec></header><metadata>
<record xmlns="http://www.loc.gov/MARC21/slim" xmlns:xsi="http://www.w3.org/2001/XMLSchema-instance" xsi:schemaLocation="http://www.loc.gov/MARC21/slim http://www.loc.gov/standards/marcxml/schema/MARC21slim.xsd">
<leader>03391nas a2200601 a 4500</leader>
<controlfield tag="FMT">SE</controlfield>
<controlfield tag="001">000280272</controlfield>
<controlfield tag="005">20130425101649.0</controlfield>
<controlfield tag="008">060206d19241930gw uu1p s     0    0ger d</controlfield>
<datafield ind1=" " ind2=" " tag="040">
<subfield code="a">NNLBI</subfield>
</datafield>
<datafield ind1="0" ind2=" " tag="041">
<subfield code="a">ger</subfield>
</datafield>
<datafield ind1=" " ind2=" " tag="050">
<subfield code="a">HN 19</subfield>
</datafield>
<datafield ind1="2" ind2=" " tag="110">
<subfield code="a">Kameraden Deutsch-Jüdischer Wanderbund</subfield>
</datafield>
<datafield ind1="1" ind2="0" tag="245">
<subfield code="a">Jungvolk : Blatt der "Kameraden", Deutsch-jüdischer Wanderbund.</subfield>
</datafield>
<datafield ind1="1" ind2="3" tag="246">
<subfield code="i">Subtitle varies:</subfield>
<subfield code="a">Jungvolk : Blatt für die Buben im Bunde der Kameraden.</subfield>
<subfield code="f">(&lt;-Jahrg. 1926&gt;)</subfield>
</datafield>
<datafield ind1="1" ind2="3" tag="246">
<subfield code="i">Subtitle varies</subfield>
<subfield code="a">Jungvolk : Blatt der Jungenschaft im Bund der Kameraden</subfield>
<subfield code="f">(&lt; Jahrg. 1927 &gt;)</subfield>
</datafield>
<datafield ind1="1" ind2="3" tag="246">
<subfield code="i">Subtitle varies:</subfield>
<subfield code="a">Jungvolk : Blatt der "Kameraden", Deutsch-jüd. Wanderbund.</subfield>
</datafield>
<datafield ind1=" " ind2=" " tag="260">
<subfield code="a">Berlin :</subfield>
<subfield code="b">"Kameraden", Deutsch-jüdischer Wanderbund,</subfield>
<subfield code="c">1924-[1930?].</subfield>
</datafield>
<datafield ind1=" " ind2=" " tag="300">
<subfield code="a">1 online resource (numbers) : illustrations, music.</subfield>
</datafield>
<datafield ind1=" " ind2=" " tag="310">
<subfield code="a">Unknown</subfield>
</datafield>
<datafield ind1="1" ind2=" " tag="362">
<subfield code="a">Began in 1924.</subfield>
</datafield>
<datafield ind1="1" ind2=" " tag="362">
<subfield code="a">Ceased publication in 1930?</subfield>
</datafield>
<datafield ind1=" " ind2=" " tag="500">
<subfield code="a">Description based on: 1929.</subfield>
</datafield>
<datafield ind1=" " ind2=" " tag="520">
<subfield code="a">"Jungvolk" was founded by the local "Kameraden" organization of Leipzig. It was published for the organization's younger members. Its stories and articles were about the exploration of the outdoors and foreign lands. Its articles promoted a sense of fraternity among its young Jewish readers.</subfield>
</datafield>
<datafield ind1=" " ind2=" " tag="546">
<subfield code="a">German</subfield>
</datafield>
<datafield ind1=" " ind2=" " tag="583">
<subfield code="a">Recataloging - deleted holdings info. from 245; updated item and HOL records; added subject headings and languages</subfield>
<subfield code="c">20100115</subfield>
<subfield code="k">dw</subfield>
</datafield>
<datafield ind1=" " ind2=" " tag="500">
<subfield code="a">Editors vary: &lt;-1927 &gt; Kurt Meyerowitz; &lt;-1929 &gt;, Günther Ballin; 1929-&lt; 1930 &gt;, Hans Matthias and Herbert Dobrin.</subfield>
</datafield>
<datafield ind1=" " ind2=" " tag="500">
<subfield code="a">Subtitle varies. Issues for &lt; -1926 &gt; have the subtitle: Blatt für die Buben im Bunde der Kameraden; issues for &lt; -1927 &gt; have the subtitle: Blatt der Jungenschaft im Bund der Kameraden.</subfield>
</datafield>
<datafield ind1=" " ind2=" " tag="500">
<subfield code="a">Imprint varies. Earlier issues were published: Wanne-Eickel [Germany] : Herausgeber: Kurt Meyerowitz.</subfield>
</datafield>
<datafield ind1="4" ind2=" " tag="510">
<subfield code="a">Der Bund : Bundesblatt 1928,</subfield>
<subfield code="b">p. 29-30 (Jungvolk is listed as a magazine of the "Kameraden" ("seit 1924 ein Blatt für die Jüngeren im Bunde "Jungvolk."))</subfield>
</datafield>
<datafield ind1=" " ind2=" " tag="525">
<subfield code="a">Beiblatt für unsere Jüngeren (Nr. 1 (Dezember 1926))</subfield>
</datafield>
<datafield ind1=" " ind2=" " tag="583">
<subfield code="a">Recataloging - added all issues from B, prepared for digitization.</subfield>
<subfield code="c">20130213</subfield>
<subfield code="k">tb</subfield>
</datafield>
<datafield ind1=" " ind2=" " tag="583">
<subfield code="a">edited bib. record (300, 506, PRS fields); linked to microfilm record; updated HOL and item records</subfield>
<subfield code="c">20130422</subfield>
<subfield code="k">TC</subfield>
</datafield>
<datafield ind1=" " ind2="0" tag="650">
<subfield code="a">Jewish youth</subfield>
<subfield code="z">Germany</subfield>
<subfield code="v">Periodicals.</subfield>
</datafield>
<datafield ind1=" " ind2="0" tag="650">
<subfield code="a">Youth movements</subfield>
<subfield code="z">Germany</subfield>
<subfield code="v">Periodicals.</subfield>
</datafield>
<datafield ind1=" " ind2="0" tag="650">
<subfield code="a">Jewish periodicals.</subfield>
</datafield>
<datafield ind1=" " ind2="0" tag="650">
<subfield code="a">German-language periodicals</subfield>
<subfield code="5">CJH</subfield>
</datafield>
<datafield ind1=" " ind2="0" tag="650">
<subfield code="a">Periodicals</subfield>
<subfield code="z">Germany</subfield>
<subfield code="z">Berlin.</subfield>
</datafield>
<datafield ind1=" " ind2="0" tag="650">
<subfield code="a">Periodicals</subfield>
<subfield code="z">Germany.</subfield>
</datafield>
<datafield ind1=" " ind2="0" tag="650">
<subfield code="a">Periodicals</subfield>
<subfield code="z">Germany</subfield>
<subfield code="z">Wanne-Eickel.</subfield>
</datafield>
<datafield ind1=" " ind2="7" tag="655">
<subfield code="a">Periodicals</subfield>
<subfield code="2">cjh</subfield>
</datafield>
<datafield ind1=" " ind2="7" tag="655">
<subfield code="a">Newsletters</subfield>
<subfield code="2">cjh</subfield>
</datafield>
<datafield ind1="2" ind2=" " tag="710">
<subfield code="a">Kameraden Deutsch-Jüdischer Wanderbund</subfield>
<subfield code="b">Ortsgruppe Leipzig</subfield>
</datafield>
<datafield ind1="1" ind2=" " tag="700">
<subfield code="a">Meyerowitz, Kurt</subfield>
</datafield>
<datafield ind1="1" ind2=" " tag="700">
<subfield code="a">Ballin, Günther,</subfield>
<subfield code="d">1909-1982</subfield>
</datafield>
<datafield ind1="1" ind2=" " tag="700">
<subfield code="a">Dobrin, Herbert</subfield>
</datafield>
<datafield ind1="1" ind2=" " tag="700">
<subfield code="a">Matthias, Hans</subfield>
</datafield>
<datafield ind1="1" ind2=" " tag="770">
<subfield code="a">Beiblatt für unsere Jüngeren (Nr. 1 (Dezember 1926))</subfield>
</datafield>
<datafield ind1=" " ind2=" " tag="852">
<subfield code="a">Leo Baeck Institute</subfield>
<subfield code="b">LBI Library</subfield>
<subfield code="e">15 West 16th Street, New York, N.Y. 10011</subfield>
<subfield code="h">B881</subfield>
</datafield>
<datafield ind1=" " ind2=" " tag="094">
<subfield code="a">B881</subfield>
</datafield>
<datafield ind1=" " ind2=" " tag="336">
<subfield code="a">text</subfield>
<subfield code="2">rdacontent</subfield>
</datafield>
<datafield ind1=" " ind2=" " tag="337">
<subfield code="a">computer</subfield>
<subfield code="2">rdamedia</subfield>
</datafield>
<datafield ind1=" " ind2=" " tag="338">
<subfield code="a">online resource</subfield>
<subfield code="2">rdacarrier</subfield>
</datafield>
<datafield ind1=" " ind2=" " tag="952">
<subfield code="a">NNLBI</subfield>
<subfield code="b">LBISE</subfield>
<subfield code="h">B881</subfield>
</datafield>
<datafield ind1=" " ind2=" " tag="SID">
<subfield code="a">Z39</subfield>
<subfield code="b">ALEPH_Z39</subfield>
</datafield>
<datafield ind2=" " ind1=" " tag="856"><subfield code="u">http://digital.cjh.org/webclient/DeliveryManager?pid=1937111&amp;custom_att_2=simple_viewer</subfield></datafield><datafield ind2=" " ind1=" " tag="856"><subfield code="x">
				http://digital.cjh.org/webclient/DeliveryManager?pid=1937110</subfield></datafield></record></metadata></record>