<record><header><identifier>oai:digital.cjh.org:1936982</identifier><datestamp>2015-03-10T18:40:44Z</datestamp><setSpec>LBI_periodicals</setSpec></header><metadata>
<record xmlns="http://www.loc.gov/MARC21/slim" xmlns:xsi="http://www.w3.org/2001/XMLSchema-instance" xsi:schemaLocation="http://www.loc.gov/MARC21/slim http://www.loc.gov/standards/marcxml/schema/MARC21slim.xsd">
<leader>02878nas a2200577 a 4500</leader>
<controlfield tag="FMT">SE</controlfield>
<controlfield tag="001">000279893</controlfield>
<controlfield tag="005">20130425101241.0</controlfield>
<controlfield tag="008">060206d18561857gw wr p s     0    0ger d</controlfield>
<datafield ind1=" " ind2=" " tag="040">
<subfield code="a">NNLBI</subfield>
</datafield>
<datafield ind1="0" ind2=" " tag="041">
<subfield code="a">ger</subfield>
</datafield>
<datafield ind1=" " ind2=" " tag="050">
<subfield code="a">DS 135 G4 B4</subfield>
</datafield>
<datafield ind1="1" ind2="0" tag="245">
<subfield code="a">Berliner Wochenblatt für jüdische religiöse u. Gemeinde-Interessen.</subfield>
</datafield>
<datafield ind1="1" ind2="1" tag="246">
<subfield code="a">Berliner Wochenblatt für jüdische religiöse und Gemeinde-Interessen.</subfield>
</datafield>
<datafield ind1=" " ind2=" " tag="260">
<subfield code="a">Berlin :</subfield>
<subfield code="b">Redigirt, gedruckt und verlegt von Fr. Lehfeldt in Berlin, Münz-Straße 1,</subfield>
<subfield code="c">[1856?-1857?].</subfield>
</datafield>
<datafield ind1=" " ind2=" " tag="300">
<subfield code="a">1 online resource (numbers)</subfield>
</datafield>
<datafield ind1=" " ind2=" " tag="310">
<subfield code="a">Weekly</subfield>
</datafield>
<datafield ind1="0" ind2=" " tag="362">
<subfield code="a">[No. 1 (Nov. 1856)]-</subfield>
</datafield>
<datafield ind1="1" ind2=" " tag="362">
<subfield code="a">Ceased publication in 1857?</subfield>
</datafield>
<datafield ind1=" " ind2=" " tag="500">
<subfield code="a">Editor: Fr. Lehfeldt</subfield>
</datafield>
<datafield ind1=" " ind2=" " tag="520">
<subfield code="a">A weekly paper published in Berlin for Jewish religious and community interests.</subfield>
</datafield>
<datafield ind1=" " ind2=" " tag="546">
<subfield code="a">German</subfield>
</datafield>
<datafield ind1=" " ind2=" " tag="583">
<subfield code="a">Cataloging</subfield>
<subfield code="c">20130206</subfield>
<subfield code="k">tb</subfield>
</datafield>
<datafield ind1=" " ind2=" " tag="583">
<subfield code="a">edited bib. record (300, 506, PRS fields); linked to microfilm record; updated HOL and item records</subfield>
<subfield code="c">20130401</subfield>
<subfield code="k">TC</subfield>
</datafield>
<datafield ind1=" " ind2=" " tag="590">
<subfield code="a">6/12/2012 (tb) British library holdings: 1st record: NO. 1, 1856- 40, 1857, second record No 1-40 28 Nov-1856-2 Oct 1857 ; Hebrew Union College : no holdings information; NLI: [1857] / not for loan.</subfield>
</datafield>
<datafield ind1=" " ind2=" " tag="500">
<subfield code="a">Description based on: No. 2 (9. Jan. 1857); caption title.</subfield>
</datafield>
<datafield ind1=" " ind2=" " tag="500">
<subfield code="a">Latest issue consulted: No. 39 (25. Sept. 1857).</subfield>
</datafield>
<datafield ind1=" " ind2=" " tag="500">
<subfield code="a">Condition: This book is in fair condition. It is bound in a half binding and has paper board covers and a cloth spine. The paper covering the boards has a marbled pattern. The binding is intact but is fragile. There are previous library labels on the spine, cover and front pastedown.</subfield>
</datafield>
<datafield ind1=" " ind2=" " tag="515">
<subfield code="a">No. 1 called "Probe-Nummer."</subfield>
</datafield>
<datafield ind1=" " ind2=" " tag="500">
<subfield code="a">Library has no. 2-4, 7-10, 12, 15-39.</subfield>
</datafield>
<datafield ind1=" " ind2="0" tag="650">
<subfield code="a">Jews</subfield>
<subfield code="z">Germany</subfield>
<subfield code="z">Berlin</subfield>
<subfield code="v">Periodicals.</subfield>
</datafield>
<datafield ind1=" " ind2="0" tag="650">
<subfield code="a">German-language periodicals</subfield>
<subfield code="5">CJH</subfield>
</datafield>
<datafield ind1=" " ind2="0" tag="650">
<subfield code="a">Jewish periodicals</subfield>
<subfield code="5">LBI</subfield>
</datafield>
<datafield ind1=" " ind2="0" tag="650">
<subfield code="a">Periodicals</subfield>
<subfield code="z">Germany</subfield>
<subfield code="5">LBI</subfield>
</datafield>
<datafield ind1=" " ind2="0" tag="650">
<subfield code="a">Periodicals</subfield>
<subfield code="z">Germany</subfield>
<subfield code="z">Berlin</subfield>
<subfield code="5">LBI</subfield>
</datafield>
<datafield ind1=" " ind2="7" tag="655">
<subfield code="a">Periodicals</subfield>
<subfield code="2">cjh</subfield>
</datafield>
<datafield ind1=" " ind2="7" tag="655">
<subfield code="a">Magazines (Periodicals)</subfield>
<subfield code="2">cjh</subfield>
</datafield>
<datafield ind1="1" ind2=" " tag="700">
<subfield code="a">Lehfeldt, Fr.</subfield>
</datafield>
<datafield ind1=" " ind2=" " tag="852">
<subfield code="a">Leo Baeck Institute</subfield>
<subfield code="b">LBI Library</subfield>
<subfield code="e">15 West 16th Street, New York, N.Y. 10011</subfield>
<subfield code="h">B29</subfield>
</datafield>
<datafield ind1=" " ind2=" " tag="094">
<subfield code="a">B29</subfield>
</datafield>
<datafield ind1=" " ind2=" " tag="336">
<subfield code="a">text</subfield>
<subfield code="2">rdacontent</subfield>
</datafield>
<datafield ind1=" " ind2=" " tag="337">
<subfield code="a">computer</subfield>
<subfield code="2">rdamedia</subfield>
</datafield>
<datafield ind1=" " ind2=" " tag="338">
<subfield code="a">online resource</subfield>
<subfield code="2">rdacarrier</subfield>
</datafield>
<datafield ind1="4" ind2="0" tag="966">
<subfield code="a">[Hardcopy holdings]: Nr.2-39, (no.1, 5-6, 11 &amp; 13-14 missing).</subfield>
</datafield>
<datafield ind1=" " ind2=" " tag="952">
<subfield code="a">NNLBI</subfield>
<subfield code="b">LBISE</subfield>
<subfield code="h">B29</subfield>
</datafield>
<datafield ind1=" " ind2=" " tag="SID">
<subfield code="a">Z39</subfield>
<subfield code="b">ALEPH_Z39</subfield>
</datafield>
<datafield ind2=" " ind1=" " tag="856"><subfield code="u">http://digital.cjh.org/webclient/DeliveryManager?pid=1936982&amp;custom_att_2=simple_viewer</subfield></datafield><datafield ind2=" " ind1=" " tag="856"><subfield code="x">
				http://digital.cjh.org/webclient/DeliveryManager?pid=1936867</subfield></datafield></record></metadata></record>