<record><header><identifier>oai:digital.cjh.org:1954014</identifier><datestamp>2015-03-10T18:40:44Z</datestamp><setSpec>LBI_periodicals</setSpec></header><metadata>
<record xmlns="http://www.loc.gov/MARC21/slim" xmlns:xsi="http://www.w3.org/2001/XMLSchema-instance" xsi:schemaLocation="http://www.loc.gov/MARC21/slim http://www.loc.gov/standards/marcxml/schema/MARC21slim.xsd">
<leader>05426nas a2200829 a 4500</leader>
<controlfield tag="FMT">SE</controlfield>
<controlfield tag="001">000279876</controlfield>
<controlfield tag="005">20130225144328.0</controlfield>
<controlfield tag="008">060206d19251938au bn p s     0    0ger d</controlfield>
<datafield ind1=" " ind2=" " tag="040">
<subfield code="a">NNLBI</subfield>
</datafield>
<datafield ind1="0" ind2=" " tag="041">
<subfield code="a">ger</subfield>
</datafield>
<datafield ind1=" " ind2=" " tag="050">
<subfield code="a">HS 1510 B59 A8 V587</subfield>
</datafield>
<datafield ind1="2" ind2=" " tag="110">
<subfield code="a">Verband der Israelitischen Humanitätsvereine "B'nai B'rith" für Österreich</subfield>
</datafield>
<datafield ind1="1" ind2="0" tag="245">
<subfield code="a">B'nai B'rith Mitteilungen für Österreich /</subfield>
<subfield code="c">[herausgegeben vom Verbande der israelitischen Humanitätsvereine "B'nai B'rith" für Österreich"] ; redigiert von Dr. Arnold Ascher, Wien, II. Laufbergergasse 8.</subfield>
</datafield>
<datafield ind1="1" ind2="1" tag="246">
<subfield code="a">Mitteilungen für Österreich, B'nai B'rith</subfield>
</datafield>
<datafield ind1=" " ind2=" " tag="260">
<subfield code="a">Wien :</subfield>
<subfield code="b">Eigentum und Verlag des Verbandes der israelitischen Humanitätsvereine "B'nai B'rith" für Österreich in Wien, IX., Universitätsstraße 4,</subfield>
<subfield code="c">[1925?-1938?].</subfield>
</datafield>
<datafield ind1=" " ind2=" " tag="300">
<subfield code="a">1 online resource (volumes : tables)</subfield>
</datafield>
<datafield ind1=" " ind2=" " tag="310">
<subfield code="a">10 issues a year (not published July-August)</subfield>
<subfield code="b">[1925?-1938?]</subfield>
</datafield>
<datafield ind1="1" ind2=" " tag="362">
<subfield code="a">[Jg. 25 (1924/1925)?-Jg. 38 (1938)]</subfield>
</datafield>
<datafield ind1=" " ind2=" " tag="500">
<subfield code="a">Continues: Vierteljahrs-Bericht für die Mitglieder der österr. israel. Humanitätsvereine "B'nai B'rith" ([1897?-1905?])</subfield>
</datafield>
<datafield ind1=" " ind2=" " tag="520">
<subfield code="a">The bulletin of the Austrian B'nai B'rith association, a Jewish fraternity and service organization.</subfield>
</datafield>
<datafield ind1=" " ind2=" " tag="546">
<subfield code="a">German</subfield>
</datafield>
<datafield ind1=" " ind2=" " tag="500">
<subfield code="a">Continues: Zweimonats-Bericht für die österr. israel. Humanitätsvereine "B'nai B'rith" ([1905?-1922?])</subfield>
</datafield>
<datafield ind1=" " ind2=" " tag="500">
<subfield code="a">Jahrg. 28, Heft 7 (Sept. 1928) is stamped on the cover: Logen-Eigenthum.</subfield>
</datafield>
<datafield ind1=" " ind2=" " tag="500">
<subfield code="a">Jahrg. 29, Heft 6 (1929) has a label on the cover: [Hebrew letter?] VI 328.</subfield>
</datafield>
<datafield ind1=" " ind2=" " tag="500">
<subfield code="a">Jahrg. 32 (1932)-33 (1933) have bookplates on the front pastedowns: Ex Libris J. H. V. U. O. B. B Wien.</subfield>
</datafield>
<datafield ind1=" " ind2="0" tag="650">
<subfield code="a">Jews</subfield>
<subfield code="z">Austria</subfield>
<subfield code="x">Charities</subfield>
<subfield code="v">Periodicals.</subfield>
</datafield>
<datafield ind1="2" ind2="0" tag="610">
<subfield code="a">Verband der Israelitischen Humanitätsvereine "B'nai B'rith" für Österreich</subfield>
<subfield code="v">Periodicals.</subfield>
</datafield>
<datafield ind1="2" ind2="0" tag="610">
<subfield code="a">U.O.B.B. Humanitätsverein "Wien"</subfield>
<subfield code="v">Periodicals.</subfield>
</datafield>
<datafield ind1=" " ind2="0" tag="650">
<subfield code="a">German-language periodicals</subfield>
<subfield code="5">CJH</subfield>
</datafield>
<datafield ind1=" " ind2="0" tag="650">
<subfield code="a">Jewish periodicals</subfield>
<subfield code="5">LBI</subfield>
</datafield>
<datafield ind1=" " ind2="0" tag="650">
<subfield code="a">Periodicals</subfield>
<subfield code="z">Austria</subfield>
<subfield code="5">LBI</subfield>
</datafield>
<datafield ind1=" " ind2="0" tag="650">
<subfield code="a">Periodicals</subfield>
<subfield code="z">Austria</subfield>
<subfield code="z">Vienna</subfield>
<subfield code="5">LBI</subfield>
</datafield>
<datafield ind1=" " ind2="0" tag="651">
<subfield code="a">Vienna (Austria)</subfield>
</datafield>
<datafield ind1="2" ind2="0" tag="610">
<subfield code="a">B'nai B'rith</subfield>
<subfield code="b">District no. 12</subfield>
<subfield code="v">Periodicals.</subfield>
</datafield>
<datafield ind1=" " ind2="7" tag="655">
<subfield code="a">Periodicals</subfield>
<subfield code="2">cjh</subfield>
</datafield>
<datafield ind1=" " ind2="7" tag="655">
<subfield code="a">Newsletters</subfield>
<subfield code="2">cjh</subfield>
</datafield>
<datafield ind1="2" ind2=" " tag="710">
<subfield code="a">B'nai B'rith</subfield>
<subfield code="b">District no. 12.</subfield>
<subfield code="b">Loge "Wien".</subfield>
</datafield>
<datafield ind1="1" ind2="0" tag="780">
<subfield code="a">Zweimonats-Bericht für die österr. israel. Humanitätsvereine "B'nai B'rith" ([1905?-1922?])</subfield>
</datafield>
<datafield ind1="1" ind2=" " tag="700">
<subfield code="a">Ascher, Arnold.</subfield>
</datafield>
<datafield ind1=" " ind2=" " tag="852">
<subfield code="a">Leo Baeck Institute</subfield>
<subfield code="b">LBI Library</subfield>
<subfield code="e">15 West 16th Street, New York, NY 10011</subfield>
<subfield code="h">B41</subfield>
</datafield>
<datafield ind1=" " ind2=" " tag="094">
<subfield code="a">B41</subfield>
</datafield>
<datafield ind1=" " ind2=" " tag="336">
<subfield code="a">text</subfield>
<subfield code="2">rdacontent</subfield>
</datafield>
<datafield ind1=" " ind2=" " tag="337">
<subfield code="a">computer</subfield>
<subfield code="2">rdamedia</subfield>
</datafield>
<datafield ind1=" " ind2=" " tag="338">
<subfield code="a">online resource</subfield>
<subfield code="2">rdacarrier</subfield>
</datafield>
<datafield ind1=" " ind2=" " tag="952">
<subfield code="a">NNLBI</subfield>
<subfield code="b">LBISE</subfield>
<subfield code="h">B41</subfield>
</datafield>
<datafield ind1=" " ind2=" " tag="SID">
<subfield code="a">Z39</subfield>
<subfield code="b">ALEPH_Z39</subfield>
</datafield>
<datafield ind2=" " ind1=" " tag="856"><subfield code="u">http://digital.cjh.org/webclient/DeliveryManager?pid=1954014&amp;custom_att_2=simple_viewer</subfield></datafield><datafield ind2=" " ind1=" " tag="856"><subfield code="x">
				http://digital.cjh.org/webclient/DeliveryManager?pid=1954015</subfield></datafield></record></metadata></record>