<record><header><identifier>oai:digital.cjh.org:1937185</identifier><datestamp>2015-03-10T18:40:45Z</datestamp><setSpec>LBI_periodicals</setSpec></header><metadata>
<record xmlns="http://www.loc.gov/MARC21/slim" xmlns:xsi="http://www.w3.org/2001/XMLSchema-instance" xsi:schemaLocation="http://www.loc.gov/MARC21/slim http://www.loc.gov/standards/marcxml/schema/MARC21slim.xsd">
<leader>04132nas a2200637 a 4500</leader>
<controlfield tag="FMT">SE</controlfield>
<controlfield tag="001">000280227</controlfield>
<controlfield tag="005">20130530153734.0</controlfield>
<controlfield tag="008">060206d19241933gw wr p s     0    0ger d</controlfield>
<datafield ind1=" " ind2=" " tag="040">
<subfield code="a">NNLBI</subfield>
</datafield>
<datafield ind1="0" ind2=" " tag="041">
<subfield code="a">ger</subfield>
</datafield>
<datafield ind1=" " ind2=" " tag="050">
<subfield code="a">DS 135 G4 K375</subfield>
</datafield>
<datafield ind1="0" ind2=" " tag="130">
<subfield code="a">Jüdische Wochenzeitung (Kassel, Germany)</subfield>
</datafield>
<datafield ind1="1" ind2="0" tag="245">
<subfield code="a">Jüdische Wochenzeitung für Kassel, Hessen und Waldeck.</subfield>
</datafield>
<datafield ind1="1" ind2="1" tag="246">
<subfield code="a">Jüdische Wochenzeitung für Cassel, Hessen und Waldeck</subfield>
<subfield code="f">( &lt; -Jahrg. 3, Nr. 44 (Nov. 1926) &gt;)</subfield>
</datafield>
<datafield ind1=" " ind2=" " tag="260">
<subfield code="a">Kassel,</subfield>
<subfield code="c">1924-[1933?].</subfield>
</datafield>
<datafield ind1=" " ind2=" " tag="300">
<subfield code="a">1 online resource (volumes) : illustrations</subfield>
</datafield>
<datafield ind1=" " ind2=" " tag="310">
<subfield code="a">Weekly</subfield>
</datafield>
<datafield ind1="0" ind2=" " tag="362">
<subfield code="a">Jahrg. 1 (1924)-[Jg. 10 (1933)?].</subfield>
</datafield>
<datafield ind1=" " ind2=" " tag="500">
<subfield code="a">Description based on: Jg. 4, Nr. 1 (Jan. 1927); caption title.</subfield>
</datafield>
<datafield ind1=" " ind2=" " tag="506">
<subfield code="a">Fragile and brittle pages. Do not handle.</subfield>
</datafield>
<datafield ind1=" " ind2=" " tag="506">
<subfield code="a">Public access to digitized version or microfilm only</subfield>
</datafield>
<datafield ind1=" " ind2=" " tag="520">
<subfield code="a">The Jewish weekly newspaper for Kassel, Hesse and Waldeck.</subfield>
</datafield>
<datafield ind1=" " ind2=" " tag="541">
<subfield code="a">Maimon Schwarzschild</subfield>
<subfield code="d">20100830</subfield>
<subfield code="e">20102548; Jg. 6, Nr. 49 (13. Dezember 1929)</subfield>
</datafield>
<datafield ind1=" " ind2=" " tag="546">
<subfield code="a">German</subfield>
</datafield>
<datafield ind1=" " ind2=" " tag="583">
<subfield code="a">Recataloging - Updated item and HOL records.</subfield>
<subfield code="c">20110106</subfield>
<subfield code="k">ma</subfield>
</datafield>
<datafield ind1=" " ind2=" " tag="583">
<subfield code="a">Edited bib. record (506, PRS fields); linked to microfilm record; updated HOL and item records</subfield>
<subfield code="c">2013</subfield>
<subfield code="k">TC</subfield>
</datafield>
<datafield ind1=" " ind2=" " tag="590">
<subfield code="a">The successor to this publication, "Juedisches Gemeindeblatt fuer Kassel, Hessen und Waldeck", 1933-1938, will be digitized by Deutsche Bibliothek as of 21 June 2004.</subfield>
</datafield>
<datafield ind1=" " ind2=" " tag="500">
<subfield code="a">Latest issue consulted: Jg. 10, Nr. 10 (März 1933).</subfield>
</datafield>
<datafield ind1=" " ind2=" " tag="500">
<subfield code="a">Editors: Sally Kaufmann, &lt; 1924-1932 &gt;; L. Goldberg, &lt; 1933 &gt;.</subfield>
</datafield>
<datafield ind1=" " ind2=" " tag="500">
<subfield code="a">Title varies. Issues before &lt; -Jahrg. 3, Nr. 44 (Nov. 1926) &gt; have the title: Jüdische Wochenzeitung für Cassel, Hessen und Waldeck.</subfield>
</datafield>
<datafield ind1=" " ind2=" " tag="500">
<subfield code="a">After &lt; Jahrg. 5, Nr. 47 (1928) &gt;, issues have the imprint: Verlag: S. Kaufmann, Kassel; &lt; Jahrg. 10, Nr. 10 (1933) &gt; has the imprint: Verlag : Jüdische Wochenzeitung Kassel.</subfield>
</datafield>
<datafield ind1=" " ind2=" " tag="515">
<subfield code="a">Vol. 5, no. 36 (1928) erroneously numbered 37.</subfield>
</datafield>
<datafield ind1=" " ind2=" " tag="510">
<subfield code="a">Freimann, Aron. Katalog der Judaica und Hebraica</subfield>
<subfield code="c">p. 20 (Eph. Jud. 116)</subfield>
</datafield>
<datafield ind1=" " ind2=" " tag="583">
<subfield code="a">Recataloging - Edited bib record (300, PRS fields)</subfield>
<subfield code="c">20110216</subfield>
<subfield code="k">ma</subfield>
</datafield>
<datafield ind1=" " ind2=" " tag="583">
<subfield code="a">Recataloging - edited bib record for digitization</subfield>
<subfield code="c">20130304</subfield>
<subfield code="k">tb</subfield>
</datafield>
<datafield ind1=" " ind2=" " tag="590">
<subfield code="a">6/12/2012 (tb) OCLC and ZDB do not list Juedisches Gemeindeblatt fuer Kassel... as a successor publication. -- no longer available online as of 2012 (tb).</subfield>
</datafield>
<datafield ind1=" " ind2=" " tag="541">
<subfield code="a">LBI Archives</subfield>
<subfield code="d">20101111</subfield>
<subfield code="e">LBISE-20100486; Nr. 10 (10. Maerz 1933)</subfield>
</datafield>
<datafield ind1=" " ind2="0" tag="650">
<subfield code="a">Jews</subfield>
<subfield code="z">Germany</subfield>
<subfield code="z">Kassel</subfield>
<subfield code="v">Periodicals.</subfield>
</datafield>
<datafield ind1=" " ind2="0" tag="650">
<subfield code="a">Jews</subfield>
<subfield code="z">Germany</subfield>
<subfield code="z">Waldeck</subfield>
<subfield code="v">Periodicals.</subfield>
</datafield>
<datafield ind1=" " ind2="0" tag="650">
<subfield code="a">Jews</subfield>
<subfield code="z">Germany</subfield>
<subfield code="z">Hesse</subfield>
<subfield code="v">Periodicals.</subfield>
</datafield>
<datafield ind1=" " ind2="0" tag="650">
<subfield code="a">German-language periodicals</subfield>
<subfield code="5">CJH</subfield>
</datafield>
<datafield ind1=" " ind2="0" tag="650">
<subfield code="a">Jewish periodicals</subfield>
<subfield code="5">LBI</subfield>
</datafield>
<datafield ind1=" " ind2="0" tag="650">
<subfield code="a">Periodicals</subfield>
<subfield code="z">Germany</subfield>
<subfield code="5">LBI</subfield>
</datafield>
<datafield ind1=" " ind2="0" tag="650">
<subfield code="a">Periodicals</subfield>
<subfield code="z">Germany</subfield>
<subfield code="z">Kassel.</subfield>
</datafield>
<datafield ind1=" " ind2="7" tag="655">
<subfield code="a">Periodicals</subfield>
<subfield code="2">cjh</subfield>
</datafield>
<datafield ind1=" " ind2="7" tag="655">
<subfield code="a">Newspapers</subfield>
<subfield code="2">cjh</subfield>
</datafield>
<datafield ind1="1" ind2=" " tag="700">
<subfield code="a">Kaufmann, Sally.</subfield>
</datafield>
<datafield ind1="1" ind2=" " tag="700">
<subfield code="a">Goldberg, L.</subfield>
</datafield>
<datafield ind1=" " ind2=" " tag="852">
<subfield code="a">Leo Baeck Institute</subfield>
<subfield code="b">LBI Library</subfield>
<subfield code="e">15 West 16th Street, New York, N.Y. 10011</subfield>
<subfield code="h">B449</subfield>
</datafield>
<datafield ind1=" " ind2=" " tag="094">
<subfield code="a">B449</subfield>
</datafield>
<datafield ind1=" " ind2=" " tag="336">
<subfield code="a">text</subfield>
<subfield code="2">rdacontent</subfield>
</datafield>
<datafield ind1=" " ind2=" " tag="337">
<subfield code="a">computer</subfield>
<subfield code="2">rdamedia</subfield>
</datafield>
<datafield ind1=" " ind2=" " tag="338">
<subfield code="a">online resource</subfield>
<subfield code="2">rdacarrier</subfield>
</datafield>
<datafield ind2=" " ind1=" " tag="856"><subfield code="u">http://digital.cjh.org/webclient/DeliveryManager?pid=1937185&amp;custom_att_2=simple_viewer</subfield></datafield><datafield ind2=" " ind1=" " tag="856"><subfield code="x">
				http://digital.cjh.org/webclient/DeliveryManager?pid=1937184</subfield></datafield></record></metadata></record>