<record><header><identifier>oai:digital.cjh.org:1954031</identifier><datestamp>2015-03-10T18:40:45Z</datestamp><setSpec>LBI_periodicals</setSpec></header><metadata>
<record xmlns="http://www.loc.gov/MARC21/slim" xmlns:xsi="http://www.w3.org/2001/XMLSchema-instance" xsi:schemaLocation="http://www.loc.gov/MARC21/slim http://www.loc.gov/standards/marcxml/schema/MARC21slim.xsd">
<leader>04146nas a2200865 a 4500</leader>
<controlfield tag="FMT">SE</controlfield>
<controlfield tag="001">000280261</controlfield>
<controlfield tag="005">20130425095109.0</controlfield>
<controlfield tag="008">060206d19241929gw wr n s     0    0ger d</controlfield>
<datafield ind1=" " ind2=" " tag="040">
<subfield code="d">NNLBI</subfield>
</datafield>
<datafield ind1="0" ind2=" " tag="041">
<subfield code="a">ger</subfield>
</datafield>
<datafield ind1=" " ind2=" " tag="050">
<subfield code="a">DS 135 G3</subfield>
</datafield>
<datafield ind1="0" ind2=" " tag="130">
<subfield code="a">Jüdisches Wochenblatt (Berlin and Frankfurt am Main, Germany)</subfield>
</datafield>
<datafield ind1="1" ind2="0" tag="245">
<subfield code="a">Jüdisches Wochenblatt.</subfield>
</datafield>
<datafield ind1=" " ind2=" " tag="260">
<subfield code="a">Berlin :</subfield>
<subfield code="b">Verlag des jüd. Wochenblattes,</subfield>
<subfield code="c">1924-[1929?].</subfield>
</datafield>
<datafield ind1=" " ind2=" " tag="300">
<subfield code="a">1 online resource (volumes)</subfield>
</datafield>
<datafield ind1=" " ind2=" " tag="310">
<subfield code="a">Weekly</subfield>
</datafield>
<datafield ind1="0" ind2=" " tag="362">
<subfield code="a">Jahrg. 1 (1924)-</subfield>
</datafield>
<datafield ind1="1" ind2=" " tag="362">
<subfield code="a">Ceased publication with 1929?</subfield>
</datafield>
<datafield ind1=" " ind2=" " tag="500">
<subfield code="a">Description based on Jg. 1924, Nr. 1 (13. März 1924); caption title.</subfield>
</datafield>
<datafield ind1=" " ind2=" " tag="546">
<subfield code="a">German</subfield>
</datafield>
<datafield ind1=" " ind2=" " tag="500">
<subfield code="a">Latest issue consulted: Jg. 6, Nr. 1 (4. Januar 1929).</subfield>
</datafield>
<datafield ind1=" " ind2=" " tag="500">
<subfield code="a">Vol. 3, no. 6 has the subtitle: Organ des "Vereins jüdischer Hotelbesitzer und Restaurateure e.V."</subfield>
</datafield>
<datafield ind1=" " ind2=" " tag="500">
<subfield code="a">Beginning with &lt; v. 3, no. 7 (Feb. 12, 1926) &gt;-v. 6: Offizielles Mitteilungsblatt des "Vereins Jüdischer Hotelbesitzer und Restaurateure e.V."</subfield>
</datafield>
<datafield ind1=" " ind2=" " tag="500">
<subfield code="a">Published: Berlin and Frankfurt am Main, Jg. 1924, Nr. 39 (5. Dez. 1924)-2. Jg., Nr. 2 (9. Januar 1925); Frankfurt am Main, 2. Jg., Nr. 3 (16. Januar 1925)-</subfield>
</datafield>
<datafield ind1=" " ind2=" " tag="500">
<subfield code="a">No more published after v. 6 (1929)?</subfield>
</datafield>
<datafield ind1=" " ind2=" " tag="500">
<subfield code="a">Some institutions record 1933 as the date this title ceased publication.</subfield>
</datafield>
<datafield ind1=" " ind2=" " tag="500">
<subfield code="a">Occasional supplement: Illustrierte Beilage zum jüdischen Wochenblatt.</subfield>
</datafield>
<datafield ind1=" " ind2=" " tag="500">
<subfield code="a">Editors: Mar. 13-Nov. 27, 1924, Alfred Wiener; Dec. 5, 1924-Mar. 27, 1925, Harry Levy; Apr. 3, 1925-Mar. 30, 1928, Ernst Simon; Apr. 4, 1928-June 27, 1929, S. B. Eschwege.</subfield>
</datafield>
<datafield ind1=" " ind2=" " tag="520">
<subfield code="a">A weekly Jewish newspaper. Two of its editors were Alfred Wiener, the founder of the eponymous library for documenting anti-Semitism; and Ernst Simon, a prominent religious philosopher.</subfield>
</datafield>
<datafield ind1=" " ind2="0" tag="650">
<subfield code="a">Jews</subfield>
<subfield code="z">Germany</subfield>
<subfield code="v">Periodicals.</subfield>
</datafield>
<datafield ind1=" " ind2="0" tag="650">
<subfield code="a">Judaism</subfield>
<subfield code="z">Germany</subfield>
<subfield code="v">Periodicals.</subfield>
</datafield>
<datafield ind1=" " ind2="0" tag="650">
<subfield code="a">German-language periodicals</subfield>
<subfield code="5">CJH</subfield>
</datafield>
<datafield ind1=" " ind2="0" tag="650">
<subfield code="a">Jewish periodicals</subfield>
<subfield code="5">LBI</subfield>
</datafield>
<datafield ind1=" " ind2="0" tag="650">
<subfield code="a">Periodicals</subfield>
<subfield code="z">Germany</subfield>
<subfield code="5">LBI</subfield>
</datafield>
<datafield ind1=" " ind2="0" tag="650">
<subfield code="a">Periodicals</subfield>
<subfield code="z">Germany</subfield>
<subfield code="z">Frankfurt am Main</subfield>
<subfield code="5">LBI</subfield>
</datafield>
<datafield ind1=" " ind2="0" tag="650">
<subfield code="a">Periodicals</subfield>
<subfield code="z">Germany</subfield>
<subfield code="z">Berlin</subfield>
<subfield code="5">LBI</subfield>
</datafield>
<datafield ind1=" " ind2="7" tag="655">
<subfield code="a">Periodicals</subfield>
<subfield code="2">cjh</subfield>
</datafield>
<datafield ind1=" " ind2="7" tag="655">
<subfield code="a">Newspapers</subfield>
<subfield code="2">cjh</subfield>
</datafield>
<datafield ind1="2" ind2=" " tag="710">
<subfield code="a">Verein jüdischer Hotelbesitzer und Restaurateure</subfield>
</datafield>
<datafield ind1="1" ind2=" " tag="770">
<subfield code="a">Illustrierte Beilage.</subfield>
</datafield>
<datafield ind1="1" ind2=" " tag="700">
<subfield code="a">Wiener, Alfred,</subfield>
<subfield code="d">1885-1964</subfield>
</datafield>
<datafield ind1="1" ind2=" " tag="700">
<subfield code="a">Levy, Harry.</subfield>
</datafield>
<datafield ind1="1" ind2=" " tag="700">
<subfield code="a">Simon, Akibah Ernst,</subfield>
<subfield code="d">1899-</subfield>
</datafield>
<datafield ind1="1" ind2=" " tag="700">
<subfield code="a">Eschwege, S. B.</subfield>
</datafield>
<datafield ind1=" " ind2=" " tag="852">
<subfield code="a">Leo Baeck Institute</subfield>
<subfield code="b">LBI Library</subfield>
<subfield code="e">15 West 16th Street, New York, NY 10011</subfield>
<subfield code="h">B247</subfield>
</datafield>
<datafield ind1=" " ind2=" " tag="094">
<subfield code="a">B247</subfield>
</datafield>
<datafield ind1=" " ind2=" " tag="336">
<subfield code="a">text</subfield>
<subfield code="2">rdacontent</subfield>
</datafield>
<datafield ind1=" " ind2=" " tag="337">
<subfield code="a">computer</subfield>
<subfield code="2">rdamedia</subfield>
</datafield>
<datafield ind1=" " ind2=" " tag="338">
<subfield code="a">online resource</subfield>
<subfield code="2">rdacarrier</subfield>
</datafield>
<datafield ind1=" " ind2=" " tag="952">
<subfield code="a">NNLBI</subfield>
<subfield code="b">LBISE</subfield>
<subfield code="h">B247</subfield>
</datafield>
<datafield ind1=" " ind2=" " tag="SID">
<subfield code="a">Z39</subfield>
<subfield code="b">ALEPH_Z39</subfield>
</datafield>
<datafield ind2=" " ind1=" " tag="856"><subfield code="u">http://digital.cjh.org/webclient/DeliveryManager?pid=1954031&amp;custom_att_2=simple_viewer</subfield></datafield><datafield ind2=" " ind1=" " tag="856"><subfield code="x">
				http://digital.cjh.org/webclient/DeliveryManager?pid=1954032</subfield></datafield></record></metadata></record>