<record><header><identifier>oai:digital.cjh.org:1956827</identifier><datestamp>2015-03-10T18:40:45Z</datestamp><setSpec>LBI_periodicals</setSpec></header><metadata>
<record xmlns="http://www.loc.gov/MARC21/slim" xmlns:xsi="http://www.w3.org/2001/XMLSchema-instance" xsi:schemaLocation="http://www.loc.gov/MARC21/slim http://www.loc.gov/standards/marcxml/schema/MARC21slim.xsd">
<leader>03298nas a2200553 u 4500</leader>
<controlfield tag="FMT">SE</controlfield>
<controlfield tag="001">000414773</controlfield>
<controlfield tag="005">20140116145503.0</controlfield>
<controlfield tag="008">120622d19361938gw mr p s     0    0ger d</controlfield>
<datafield ind1=" " ind2=" " tag="040">
<subfield code="a">NNLBI</subfield>
</datafield>
<datafield ind1="0" ind2=" " tag="041">
<subfield code="a">ger</subfield>
</datafield>
<datafield ind1=" " ind2=" " tag="050">
<subfield code="a">LF 3195 H47</subfield>
</datafield>
<datafield ind1="2" ind2="0" tag="110">
<subfield code="a">Landschulheim Herrlingen</subfield>
</datafield>
<datafield ind1="1" ind2="0" tag="240">
<subfield code="a">Hayenu (Herrlingen, Germany)</subfield>
</datafield>
<datafield ind1="1" ind2="0" tag="245">
<subfield code="a">Hayenu = :</subfield>
<subfield code="b">"Unser Leben".</subfield>
<subfield code="6">01</subfield>
</datafield>
<datafield ind1="1" ind2="1" tag="246">
<subfield code="a">Unser Leben</subfield>
</datafield>
<datafield ind1="3" ind2="3" tag="246">
<subfield code="a">Chajjenu</subfield>
</datafield>
<datafield ind1=" " ind2=" " tag="260">
<subfield code="a">[Herrlingen :</subfield>
<subfield code="b">Landschulheim Herrlingen,</subfield>
<subfield code="c">1936?-1938].</subfield>
</datafield>
<datafield ind1=" " ind2=" " tag="300">
<subfield code="a">1 online resource (numbers : illustrations)</subfield>
</datafield>
<datafield ind1=" " ind2=" " tag="310">
<subfield code="a">Irregular?</subfield>
</datafield>
<datafield ind1=" " ind2=" " tag="321">
<subfield code="a">Monthly</subfield>
<subfield code="b">Heft 5 (März 1937)</subfield>
</datafield>
<datafield ind1="0" ind2=" " tag="362">
<subfield code="a">[Heft 1 (1936)?]-</subfield>
</datafield>
<datafield ind1="1" ind2=" " tag="362">
<subfield code="a">Ceased publication in 1938.</subfield>
</datafield>
<datafield ind1=" " ind2=" " tag="500">
<subfield code="a">"Diese Zeitung wird herausgegeben von der Chewrah Dalet im Landschulheim Herrlingen ... Verantwortlicher Verlagsdirektor: Ernst Wolf." -- Heft 5 (März 1937), masthead.</subfield>
</datafield>
<datafield ind1=" " ind2=" " tag="520">
<subfield code="a">Originally founded in 1926 by Anna Essinger, the Landschulheim Herrlingen became a Jewish boarding school in 1933 when Essinger immigrated to England under pressure from the Nazi party. At that time, new Jewish schools were not allowed and many other Jewish schools were closing, but Essinger managed to re-open the Landschulheim Herrlingen as a Jewish school under the headmastership of Hugo Rosenthal. Although Rosenthal was himself a Zionist, the goal of Jüdisches Landschulheim Herrlingen was to provide a progressive education rich in Jewish culture and heritage, not strictly to indoctrinate youth in Zionism. As part of student life, the students formed groups called chevroth (plural for chevrah). Each chevrah participated in community building activities such as hiking, music playing, or preparing a wall-newspaper for the school. (Schachne, Lucie. Education Towards Spiritual Resistance. Frankfurt am Main: Dipa Verlag, 1988.)</subfield>
</datafield>
<datafield ind1=" " ind2=" " tag="546">
<subfield code="a">German</subfield>
</datafield>
<datafield ind1=" " ind2=" " tag="500">
<subfield code="a">Some issues also numbered in Hebrew and have the Jewish calendar month and year.</subfield>
</datafield>
<datafield ind1=" " ind2=" " tag="500">
<subfield code="a">Title also transcribed as "Chajjenu," Heft 5 (März 1937).</subfield>
</datafield>
<datafield ind1=" " ind2=" " tag="500">
<subfield code="a">Editors vary.</subfield>
</datafield>
<datafield ind1=" " ind2=" " tag="500">
<subfield code="a">LBI Archives has Heft 9 (Januar/Februar 1938), LBI Archives call number MS 431, Folder 3</subfield>
</datafield>
<datafield ind1=" " ind2="0" tag="650">
<subfield code="a">Student newspapers and periodicals</subfield>
</datafield>
<datafield ind1=" " ind2="0" tag="650">
<subfield code="a">Jewish students</subfield>
<subfield code="z">Germany</subfield>
<subfield code="z">Herrlingen (Blaustein)</subfield>
<subfield code="v">Periodicals.</subfield>
</datafield>
<datafield ind1=" " ind2="0" tag="650">
<subfield code="a">Jews</subfield>
<subfield code="z">Germany</subfield>
<subfield code="z">Herrlingen (Blaustein)</subfield>
<subfield code="v">Periodicals.</subfield>
</datafield>
<datafield ind1=" " ind2="0" tag="650">
<subfield code="a">Periodicals</subfield>
<subfield code="z">Germany</subfield>
<subfield code="z">Herrlingen (Blaustein)</subfield>
</datafield>
<datafield ind1=" " ind2="0" tag="650">
<subfield code="a">Periodicals</subfield>
<subfield code="z">Germany.</subfield>
</datafield>
<datafield ind1=" " ind2="0" tag="650">
<subfield code="a">Jewish periodicals.</subfield>
</datafield>
<datafield ind1=" " ind2="0" tag="651">
<subfield code="a">Herrlingen (Blaustein, Germany)</subfield>
</datafield>
<datafield ind1="2" ind2="0" tag="610">
<subfield code="a">Landschulheim Herrlingen</subfield>
<subfield code="v">Periodicals.</subfield>
</datafield>
<datafield ind1=" " ind2="0" tag="650">
<subfield code="a">German-language periodicals</subfield>
<subfield code="5">CJH</subfield>
</datafield>
<datafield ind1=" " ind2="7" tag="655">
<subfield code="a">Periodicals</subfield>
<subfield code="2">cjh</subfield>
</datafield>
<datafield ind1=" " ind2="7" tag="655">
<subfield code="a">Newsletters</subfield>
<subfield code="2">cjh</subfield>
</datafield>
<datafield ind1="1" ind2=" " tag="700">
<subfield code="a">Wolf, Ernest M.</subfield>
<subfield code="d">1909-</subfield>
</datafield>
<datafield ind1=" " ind2=" " tag="852">
<subfield code="a">Leo Baeck Institute</subfield>
<subfield code="b">LBI Library</subfield>
<subfield code="e">15 West 16th Street, New York, NY 10011</subfield>
<subfield code="h">B1074</subfield>
</datafield>
<datafield ind1=" " ind2=" " tag="094">
<subfield code="a">B1074</subfield>
</datafield>
<datafield ind1=" " ind2=" " tag="336">
<subfield code="a">text</subfield>
<subfield code="2">rdacontent</subfield>
</datafield>
<datafield ind1=" " ind2=" " tag="337">
<subfield code="a">computer</subfield>
<subfield code="2">rdamedia</subfield>
</datafield>
<datafield ind1=" " ind2=" " tag="338">
<subfield code="a">online resource</subfield>
<subfield code="2">rdacarrier</subfield>
</datafield>
<datafield ind1=" " ind2=" " tag="SID">
<subfield code="a">Z39</subfield>
<subfield code="b">ALEPH_Z39</subfield>
</datafield>
<datafield ind2=" " ind1=" " tag="856"><subfield code="u">http://digital.cjh.org/webclient/DeliveryManager?pid=1956827&amp;custom_att_2=simple_viewer</subfield></datafield><datafield ind2=" " ind1=" " tag="856"><subfield code="x">
				http://digital.cjh.org/webclient/DeliveryManager?pid=1956828</subfield></datafield></record></metadata></record>