<record><header><identifier>oai:digital.cjh.org:1954020</identifier><datestamp>2015-03-10T18:40:45Z</datestamp><setSpec>LBI_periodicals</setSpec></header><metadata>
<record xmlns="http://www.loc.gov/MARC21/slim" xmlns:xsi="http://www.w3.org/2001/XMLSchema-instance" xsi:schemaLocation="http://www.loc.gov/MARC21/slim http://www.loc.gov/standards/marcxml/schema/MARC21slim.xsd">
<leader>04470nas a2200877 a 4500</leader>
<controlfield tag="FMT">SE</controlfield>
<controlfield tag="001">000279930</controlfield>
<controlfield tag="005">20130425095035.0</controlfield>
<controlfield tag="008">060206d19351938gw uu1p s     0    0ger d</controlfield>
<datafield ind1=" " ind2=" " tag="040">
<subfield code="a">NNLBI</subfield>
<subfield code="e">rda</subfield>
</datafield>
<datafield ind1="0" ind2=" " tag="041">
<subfield code="a">ger</subfield>
</datafield>
<datafield ind1=" " ind2=" " tag="050">
<subfield code="a">DS 149 A1</subfield>
</datafield>
<datafield ind1="2" ind2=" " tag="110">
<subfield code="a">Brith Hanoar.</subfield>
</datafield>
<datafield ind1="1" ind2="0" tag="240">
<subfield code="a">Chajenu (Berlin and Frankfurt am Main, Germany)</subfield>
</datafield>
<datafield ind1="1" ind2="0" tag="245">
<subfield code="a">Chajenu : Bundesblatt des Brith Hanoar und Bachad in Deutschland.</subfield>
</datafield>
<datafield ind1="1" ind2="0" tag="246">
<subfield code="a">Ḥayenu</subfield>
</datafield>
<datafield ind1="1" ind2="0" tag="246">
<subfield code="a">Bundesblatt des Brith Hanoar und Bachad in Deutschland</subfield>
<subfield code="f">-&lt; Nr. 20/21 (Mai/Juni 1937) &gt;</subfield>
</datafield>
<datafield ind1="1" ind2="0" tag="246">
<subfield code="a">Chajenu : Bundesblatt des Brit Hanoar und Bachad in Deutschland</subfield>
<subfield code="f">&lt; Nr. 23 (Januar 1938)&gt; -</subfield>
</datafield>
<datafield ind1="1" ind2="0" tag="246">
<subfield code="a">Bundesblatt des Brit Hanoar und Bachad in Deutschland</subfield>
<subfield code="f">&lt; Nr. 23 (Januar 1938)&gt; -</subfield>
</datafield>
<datafield ind1=" " ind2=" " tag="260">
<subfield code="a">Berlin :</subfield>
<subfield code="b">verantwortlicher Herausgeber: L. A. Händler,</subfield>
<subfield code="c">[1935?]-1938.</subfield>
</datafield>
<datafield ind1=" " ind2=" " tag="300">
<subfield code="a">1 online resource (volumes)</subfield>
<subfield code="c">30 x 22 cm.</subfield>
</datafield>
<datafield ind1=" " ind2=" " tag="310">
<subfield code="a">Frequency varies</subfield>
<subfield code="b">Nr. 14/15 (Okt./Nov. 1936)</subfield>
</datafield>
<datafield ind1=" " ind2=" " tag="321">
<subfield code="a">Monthly</subfield>
<subfield code="b">Nr. 12/13 (Juli/August 1938)</subfield>
</datafield>
<datafield ind1="1" ind2=" " tag="362">
<subfield code="a">Began with: Nr. 1 (1935)?</subfield>
</datafield>
<datafield ind1="1" ind2=" " tag="362">
<subfield code="a">Ceased publication in 1938.</subfield>
</datafield>
<datafield ind1=" " ind2=" " tag="520">
<subfield code="a">The newsletter of the Brith Hanoar and Bachad in Germany, two Jewish Zionist youth groups.</subfield>
</datafield>
<datafield ind1=" " ind2=" " tag="500">
<subfield code="a">Place of publication varies. Also published in part in Frankfurt am Main.</subfield>
</datafield>
<datafield ind1=" " ind2=" " tag="546">
<subfield code="a">German</subfield>
</datafield>
<datafield ind1=" " ind2=" " tag="500">
<subfield code="a">Nr. 23 (Januar 1938), Nr. 24 (Mai 1938), Nr. 26/27 (August 1938) stamped on p. [1]: Haupt-Archiv der NSDAP.</subfield>
</datafield>
<datafield ind1=" " ind2=" " tag="500">
<subfield code="a">Nr. 26/27 (August 1938) has a previous owner's signature: Alfred Eisenberg, München, Wittelsbacherstr. [illegible]. Tel. 23830.</subfield>
</datafield>
<datafield ind1=" " ind2=" " tag="500">
<subfield code="a">At head of title: Ḥayenu</subfield>
</datafield>
<datafield ind1=" " ind2=" " tag="500">
<subfield code="a">Edited by Leon Arieh Händler.</subfield>
</datafield>
<datafield ind1=" " ind2=" " tag="500">
<subfield code="a">Description based on: Nr. 26/27 (August 1938); cover title.</subfield>
</datafield>
<datafield ind1=" " ind2=" " tag="500">
<subfield code="a">Issues also numbered with the Jewish year and month.</subfield>
</datafield>
<datafield ind1=" " ind2="0" tag="650">
<subfield code="a">Zionism</subfield>
<subfield code="z">Germany</subfield>
<subfield code="v">Periodicals.</subfield>
</datafield>
<datafield ind1=" " ind2="0" tag="650">
<subfield code="a">Jewish youth</subfield>
<subfield code="z">Germany</subfield>
<subfield code="v">Periodicals.</subfield>
</datafield>
<datafield ind1=" " ind2="0" tag="650">
<subfield code="a">German-language periodicals</subfield>
<subfield code="5">CJH</subfield>
</datafield>
<datafield ind1=" " ind2="0" tag="650">
<subfield code="a">Jewish periodicals</subfield>
<subfield code="5">LBI</subfield>
</datafield>
<datafield ind1=" " ind2="0" tag="650">
<subfield code="a">Periodicals</subfield>
<subfield code="z">Germany</subfield>
<subfield code="5">LBI</subfield>
</datafield>
<datafield ind1=" " ind2="0" tag="650">
<subfield code="a">Periodicals</subfield>
<subfield code="z">Germany</subfield>
<subfield code="z">Berlin</subfield>
<subfield code="5">LBI</subfield>
</datafield>
<datafield ind1=" " ind2="0" tag="650">
<subfield code="a">Periodicals</subfield>
<subfield code="z">Germany</subfield>
<subfield code="z">Frankfurt am Main.</subfield>
</datafield>
<datafield ind1=" " ind2="7" tag="655">
<subfield code="a">Periodicals</subfield>
<subfield code="2">cjh</subfield>
</datafield>
<datafield ind1=" " ind2="7" tag="655">
<subfield code="a">Newsletters</subfield>
<subfield code="2">cjh</subfield>
</datafield>
<datafield ind1="2" ind2=" " tag="710">
<subfield code="a">Bahad.</subfield>
</datafield>
<datafield ind1="1" ind2=" " tag="700">
<subfield code="a">Händler, Leon Arieh.</subfield>
</datafield>
<datafield ind1=" " ind2=" " tag="852">
<subfield code="a">Leo Baeck Institute</subfield>
<subfield code="b">LBI Library</subfield>
<subfield code="e">15 West 16th Street, New York, NY 10011</subfield>
<subfield code="h">B55</subfield>
</datafield>
<datafield ind1=" " ind2=" " tag="094">
<subfield code="a">B55</subfield>
</datafield>
<datafield ind1=" " ind2=" " tag="336">
<subfield code="a">text</subfield>
<subfield code="2">rdacontent</subfield>
</datafield>
<datafield ind1=" " ind2=" " tag="337">
<subfield code="a">computer</subfield>
<subfield code="2">rdamedia</subfield>
</datafield>
<datafield ind1=" " ind2=" " tag="338">
<subfield code="a">online resource</subfield>
<subfield code="2">rdacarrier</subfield>
</datafield>
<datafield ind1=" " ind2=" " tag="952">
<subfield code="a">NNLBI</subfield>
<subfield code="b">LBISE</subfield>
<subfield code="h">B55</subfield>
</datafield>
<datafield ind1=" " ind2=" " tag="SID">
<subfield code="a">Z39</subfield>
<subfield code="b">ALEPH_Z39</subfield>
</datafield>
<datafield ind2=" " ind1=" " tag="856"><subfield code="u">http://digital.cjh.org/webclient/DeliveryManager?pid=1954020&amp;custom_att_2=simple_viewer</subfield></datafield><datafield ind2=" " ind1=" " tag="856"><subfield code="x">
				http://digital.cjh.org/webclient/DeliveryManager?pid=1954021</subfield></datafield></record></metadata></record>