<record><header><identifier>oai:digital.cjh.org:2239490</identifier><datestamp>2015-03-10T18:40:45Z</datestamp><setSpec>LBI_periodicals</setSpec></header><metadata>
<record xmlns="http://www.loc.gov/MARC21/slim" xmlns:xsi="http://www.w3.org/2001/XMLSchema-instance" xsi:schemaLocation="http://www.loc.gov/MARC21/slim http://www.loc.gov/standards/marcxml/schema/MARC21slim.xsd">
<leader>03010nas a2200601 a 4500</leader>
<controlfield tag="FMT">SE</controlfield>
<controlfield tag="001">000453302</controlfield>
<controlfield tag="005">20140221114458.0</controlfield>
<controlfield tag="008">060205i19571969is tr m s     0    0ger d</controlfield>
<datafield ind1=" " ind2=" " tag="022">
<subfield code="a">0024-0915</subfield>
</datafield>
<datafield ind1=" " ind2=" " tag="040">
<subfield code="a">NNLBI</subfield>
</datafield>
<datafield ind1="0" ind2=" " tag="041">
<subfield code="a">ger</subfield>
</datafield>
<datafield ind1=" " ind2=" " tag="050">
<subfield code="a">DS 135 G3 A26</subfield>
</datafield>
<datafield ind1="2" ind2=" " tag="110">
<subfield code="a">Leo Baeck Institute (Jerusalem)</subfield>
</datafield>
<datafield ind1="1" ind2="0" tag="245">
<subfield code="a">Bulletin des Leo Baeck Instituts.</subfield>
</datafield>
<datafield ind1="1" ind2="3" tag="246">
<subfield code="a">Bulletin (Leo Baeck Institute (Jerusalem))</subfield>
</datafield>
<datafield ind1="1" ind2="3" tag="246">
<subfield code="a">LBI Bulletin</subfield>
</datafield>
<datafield ind1="1" ind2="0" tag="247">
<subfield code="a">Bulletin fuer die Mitglieder der Gesellschaft der Freunde des Leo Baeck Institute</subfield>
</datafield>
<datafield ind1="1" ind2="0" tag="247">
<subfield code="a">Publikationen des Leo Baeck Instituts : Bulletin for sponsoring and contributing members of the Leo Baeck Institute, Inc.</subfield>
</datafield>
<datafield ind1="1" ind2="0" tag="247">
<subfield code="a">Publikationen des Leo Baeack Instituts : Bulletin.</subfield>
</datafield>
<datafield ind1=" " ind2=" " tag="260">
<subfield code="a">Tel-Aviv :</subfield>
<subfield code="b">Bitaon,</subfield>
<subfield code="c">1957-1969, 1974-1991.</subfield>
</datafield>
<datafield ind1=" " ind2=" " tag="300">
<subfield code="a">1 online resource (volumes).</subfield>
</datafield>
<datafield ind1=" " ind2=" " tag="310">
<subfield code="a">Three times a year</subfield>
<subfield code="b">1981-1991</subfield>
</datafield>
<datafield ind1=" " ind2=" " tag="321">
<subfield code="a">One to two issues a year</subfield>
<subfield code="b">1974-1980</subfield>
</datafield>
<datafield ind1=" " ind2=" " tag="321">
<subfield code="a">Quarterly</subfield>
<subfield code="b">1960-1969</subfield>
</datafield>
<datafield ind1=" " ind2=" " tag="321">
<subfield code="a">Two to three issues a year</subfield>
<subfield code="b">1957-1959</subfield>
</datafield>
<datafield ind1="0" ind2=" " tag="362">
<subfield code="a">Nr. 1 (1957)-Nr. 89/90 (1991)</subfield>
</datafield>
<datafield ind1=" " ind2=" " tag="500">
<subfield code="a">Gründer-Herausgeber, 1957-1978 : Hans Tramer.</subfield>
</datafield>
<datafield ind1=" " ind2=" " tag="500">
<subfield code="a">Beginning in 1960, volume enumeration included Jahrgang. After 1969, Jahrgang dropped from enumeration.</subfield>
</datafield>
<datafield ind1=" " ind2=" " tag="500">
<subfield code="a">Jahrgang 13, Nr. 50 (1974)-Jg. 19, Nr. 56/57 (1980) called Neue Folge</subfield>
</datafield>
<datafield ind1=" " ind2=" " tag="500">
<subfield code="a">No more published.</subfield>
</datafield>
<datafield ind1=" " ind2=" " tag="500">
<subfield code="a">None published 1970-73.</subfield>
</datafield>
<datafield ind1=" " ind2=" " tag="500">
<subfield code="a">Publisher and editors vary.</subfield>
</datafield>
<datafield ind1=" " ind2=" " tag="500">
<subfield code="a">1957-1969 published quarterly ; 1974-1991, frequency varies.</subfield>
</datafield>
<datafield ind1=" " ind2=" " tag="500">
<subfield code="a">Title varies : 1957-1958, nos. 1-5 : Bulletin fuer die Mitglieder der Gesellschaft der Freunde des Leo Baeck Institute ; nos. 6-12, 1959-60 : Publikationen des Leo Baeck Instituts : Bulletin for sponsoring and contributing members of the Leo Baeck Instite, Inc. ; nos 13-20, 1961-1962 : Publikationen des Leo Baeck Instituts : Bulletin ; nos. 21-90, 1963-1991 : Bulletin des Leo Baeck Instituts.</subfield>
</datafield>
<datafield ind1=" " ind2=" " tag="500">
<subfield code="a">1974, no. 49, Register zum 1.-12. Jahrgang.</subfield>
</datafield>
<datafield ind1=" " ind2=" " tag="500">
<subfield code="a">[No. 89/90, 1991, Register zu den Heften 50-88 (1974-1991)]</subfield>
</datafield>
<datafield ind1=" " ind2=" " tag="583">
<subfield code="a">Corrected digital object record (removed 583, 533, and 506 fields; corrected 33X fields; added 852 field)</subfield>
<subfield code="c">20140807</subfield>
<subfield code="k">TC</subfield>
</datafield>
<datafield ind1=" " ind2=" " tag="546">
<subfield code="a">German</subfield>
</datafield>
<datafield ind1=" " ind2="0" tag="651">
<subfield code="a">Germany.</subfield>
</datafield>
<datafield ind1=" " ind2="0" tag="650">
<subfield code="a">Jews</subfield>
<subfield code="z">Germany</subfield>
<subfield code="x">History</subfield>
<subfield code="v">Periodicals.</subfield>
</datafield>
<datafield ind1=" " ind2="0" tag="650">
<subfield code="a">Jewish periodicals.</subfield>
</datafield>
<datafield ind1=" " ind2="0" tag="650">
<subfield code="a">Periodicals</subfield>
<subfield code="z">Israel.</subfield>
</datafield>
<datafield ind1=" " ind2="0" tag="650">
<subfield code="a">Periodicals</subfield>
<subfield code="z">Israel</subfield>
<subfield code="z">Tel-Aviv.</subfield>
</datafield>
<datafield ind1=" " ind2="0" tag="650">
<subfield code="a">German-language periodicals</subfield>
<subfield code="5">CJH</subfield>
</datafield>
<datafield ind1=" " ind2="7" tag="655">
<subfield code="a">Periodicals</subfield>
<subfield code="2">cjh</subfield>
</datafield>
<datafield ind1=" " ind2="7" tag="655">
<subfield code="a">Journals (Periodicals)</subfield>
<subfield code="2">cjh</subfield>
</datafield>
<datafield ind1="1" ind2=" " tag="700">
<subfield code="a">Tramer, Hans,</subfield>
<subfield code="d">1905-1979</subfield>
</datafield>
<datafield ind1=" " ind2=" " tag="852">
<subfield code="a">Leo Baeck Institute</subfield>
<subfield code="b">LBI Library</subfield>
<subfield code="e">15 West 16th Street , New York, NY 10011</subfield>
<subfield code="h">MF 1253</subfield>
</datafield>
<datafield ind1=" " ind2=" " tag="094">
<subfield code="a">MF 1253</subfield>
</datafield>
<datafield ind1=" " ind2=" " tag="336">
<subfield code="a">text</subfield>
<subfield code="2">rdacontent</subfield>
</datafield>
<datafield ind1=" " ind2=" " tag="337">
<subfield code="a">computer</subfield>
<subfield code="2">rdamedia</subfield>
</datafield>
<datafield ind1=" " ind2=" " tag="338">
<subfield code="a">online resource</subfield>
<subfield code="2">rdacarrier</subfield>
</datafield>
<datafield ind1=" " ind2=" " tag="SID">
<subfield code="a">Z39</subfield>
<subfield code="b">ALEPH_Z39</subfield>
</datafield>
<datafield ind2=" " ind1=" " tag="856"><subfield code="u">http://digital.cjh.org/webclient/DeliveryManager?pid=2239490&amp;custom_att_2=simple_viewer</subfield></datafield><datafield ind2=" " ind1=" " tag="856"><subfield code="x">
				http://digital.cjh.org/webclient/DeliveryManager?pid=2239491</subfield></datafield></record></metadata></record>