<record><header><identifier>oai:digital.cjh.org:2338352</identifier><datestamp>2015-03-10T18:40:45Z</datestamp><setSpec>LBI_periodicals</setSpec></header><metadata>
<record xmlns="http://www.loc.gov/MARC21/slim" xmlns:xsi="http://www.w3.org/2001/XMLSchema-instance" xsi:schemaLocation="http://www.loc.gov/MARC21/slim http://www.loc.gov/standards/marcxml/schema/MARC21slim.xsd">
<leader>02248nas a2200493 i 4500</leader>
<controlfield tag="FMT">SE</controlfield>
<controlfield tag="001">000280446</controlfield>
<controlfield tag="005">20130812145620.0</controlfield>
<controlfield tag="008">060206d19331934xr wr1n s     0    0ger d</controlfield>
<datafield ind1=" " ind2=" " tag="040">
<subfield code="a">NNLBI</subfield>
<subfield code="e">rda</subfield>
</datafield>
<datafield ind1="0" ind2=" " tag="041">
<subfield code="a">ger</subfield>
</datafield>
<datafield ind1=" " ind2=" " tag="050">
<subfield code="a">DS 150 L3</subfield>
</datafield>
<datafield ind1="4" ind2=" " tag="130">
<subfield code="a">Der neue Weg (Brno and Prague, Czech Republic)</subfield>
</datafield>
<datafield ind1="1" ind2="4" tag="245">
<subfield code="a">Der neue Weg : Wochenblatt für sozialistischen Zionismus.</subfield>
</datafield>
<datafield ind1=" " ind2=" " tag="260">
<subfield code="a">Brünn :</subfield>
<subfield code="b">Ein Konsortium [Poale-Zion],</subfield>
<subfield code="c">1933-1934.</subfield>
</datafield>
<datafield ind1=" " ind2=" " tag="300">
<subfield code="a">1 online resource (2 volumes : illustrations)</subfield>
</datafield>
<datafield ind1=" " ind2=" " tag="310">
<subfield code="a">Weekly</subfield>
</datafield>
<datafield ind1=" " ind2="0" tag="362">
<subfield code="a">Jahrgang 1, Nr. 1 (4. Jänner 1933)-Jahrgang 2, [Nr. 12 (1934)?].</subfield>
</datafield>
<datafield ind1=" " ind2=" " tag="500">
<subfield code="a">Edited by Karl Baum.</subfield>
</datafield>
<datafield ind1=" " ind2=" " tag="520">
<subfield code="a">"Der Neue Weg" was a Labor Zionist newspaper published by Po'alei Zion, a movement that sought to combine Zionism with socialism.</subfield>
</datafield>
<datafield ind1=" " ind2=" " tag="546">
<subfield code="a">German</subfield>
</datafield>
<datafield ind1=" " ind2=" " tag="500">
<subfield code="a">Also published in Prague, Jahrgang 1, Nr. 17 (28. April 1933)-.</subfield>
</datafield>
<datafield ind1=" " ind2=" " tag="515">
<subfield code="a">Issues for Jahrgang 1 also numbered Jahrgang VI.</subfield>
</datafield>
<datafield ind1=" " ind2=" " tag="588">
<subfield code="a">Description based on: Jahrgang 1, Nr. 1 (4. Jänner 1933); caption title.</subfield>
</datafield>
<datafield ind1=" " ind2=" " tag="588">
<subfield code="a">Latest issue consulted: Jahrgang 1, Nr. 46 (21. Dezember 1933).</subfield>
</datafield>
<datafield ind1=" " ind2="0" tag="650">
<subfield code="a">Labor Zionism</subfield>
<subfield code="z">Czech Republic</subfield>
<subfield code="v">Periodicals.</subfield>
</datafield>
<datafield ind1="2" ind2="0" tag="610">
<subfield code="a">World Socialist Union of Jewish Workers--Po'alei Zion</subfield>
<subfield code="v">Periodicals.</subfield>
</datafield>
<datafield ind1=" " ind2="0" tag="650">
<subfield code="a">Jewish socialists</subfield>
<subfield code="z">Czech Republic</subfield>
<subfield code="v">Periodicals.</subfield>
</datafield>
<datafield ind1=" " ind2="0" tag="650">
<subfield code="a">Jewish periodicals</subfield>
</datafield>
<datafield ind1=" " ind2="0" tag="650">
<subfield code="a">German-language periodicals</subfield>
<subfield code="5">CJH</subfield>
</datafield>
<datafield ind1=" " ind2="0" tag="650">
<subfield code="a">Periodicals</subfield>
<subfield code="z">Czech Republic</subfield>
</datafield>
<datafield ind1=" " ind2="0" tag="650">
<subfield code="a">Periodicals</subfield>
<subfield code="z">Czech Republic</subfield>
<subfield code="z">Brno</subfield>
</datafield>
<datafield ind1=" " ind2="0" tag="650">
<subfield code="a">Periodicals</subfield>
<subfield code="z">Czech Republic</subfield>
<subfield code="z">Prague</subfield>
</datafield>
<datafield ind1=" " ind2="0" tag="651">
<subfield code="a">Brno (Czech Republic)</subfield>
<subfield code="v">Newspapers.</subfield>
</datafield>
<datafield ind1=" " ind2="7" tag="655">
<subfield code="a">Periodicals</subfield>
<subfield code="2">cjh</subfield>
</datafield>
<datafield ind1=" " ind2="7" tag="655">
<subfield code="a">Newspapers</subfield>
<subfield code="2">cjh</subfield>
</datafield>
<datafield ind1="2" ind2=" " tag="710">
<subfield code="a">World Socialist Union of Jewish Workers--Po'alei Zion</subfield>
</datafield>
<datafield ind1="1" ind2=" " tag="700">
<subfield code="a">Baum, Karl.</subfield>
</datafield>
<datafield ind1=" " ind2=" " tag="852">
<subfield code="a">Leo Baeck Institute</subfield>
<subfield code="b">LBI Library</subfield>
<subfield code="e">15 West 16th Street, New York, NY 10011</subfield>
<subfield code="h">B311</subfield>
</datafield>
<datafield ind1=" " ind2=" " tag="094">
<subfield code="a">B311</subfield>
</datafield>
<datafield ind1=" " ind2=" " tag="336">
<subfield code="a">text</subfield>
<subfield code="2">rdacontent</subfield>
</datafield>
<datafield ind1=" " ind2=" " tag="337">
<subfield code="a">computer</subfield>
<subfield code="2">rdamedia</subfield>
</datafield>
<datafield ind1=" " ind2=" " tag="338">
<subfield code="a">online resource</subfield>
<subfield code="2">rdacarrier</subfield>
</datafield>
<datafield ind1=" " ind2=" " tag="952">
<subfield code="a">NNLBI</subfield>
<subfield code="b">LBISE</subfield>
<subfield code="h">B311</subfield>
</datafield>
<datafield ind1=" " ind2=" " tag="SID">
<subfield code="a">Z39</subfield>
<subfield code="b">ALEPH_Z39</subfield>
</datafield>
<datafield ind2=" " ind1=" " tag="856"><subfield code="u">http://digital.cjh.org/webclient/DeliveryManager?pid=2338352&amp;custom_att_2=simple_viewer</subfield></datafield><datafield ind2=" " ind1=" " tag="856"><subfield code="x">
				http://digital.cjh.org/webclient/DeliveryManager?pid=2338353</subfield></datafield></record></metadata></record>