<record><header><identifier>oai:digital.cjh.org:1953575</identifier><datestamp>2015-03-10T18:40:45Z</datestamp><setSpec>LBI_periodicals</setSpec></header><metadata>
<record xmlns="http://www.loc.gov/MARC21/slim" xmlns:xsi="http://www.w3.org/2001/XMLSchema-instance" xsi:schemaLocation="http://www.loc.gov/MARC21/slim http://www.loc.gov/standards/marcxml/schema/MARC21slim.xsd">
<leader>02248nam a2200529 a 4500</leader>
<controlfield tag="FMT">BK</controlfield>
<controlfield tag="001">000176662</controlfield>
<controlfield tag="005">20130531135134.0</controlfield>
<controlfield tag="008">060929i19582012nyu     s     000 0 eng d</controlfield>
<datafield ind1=" " ind2=" " tag="040">
<subfield code="a">NNLBI</subfield>
<subfield code="e">rda</subfield>
</datafield>
<datafield ind1="0" ind2=" " tag="041">
<subfield code="a">ger</subfield>
</datafield>
<datafield ind1=" " ind2=" " tag="050">
<subfield code="a">DS 135 G3 A263</subfield>
</datafield>
<datafield ind1="0" ind2="0" tag="245">
<subfield code="a">Leo Baeck memorial lecture.</subfield>
</datafield>
<datafield ind1="1" ind2="1" tag="246">
<subfield code="a">LBI memorial lecture</subfield>
</datafield>
<datafield ind1="1" ind2="3" tag="246">
<subfield code="a">Leo Baeck Institute memorial lecture</subfield>
</datafield>
<datafield ind1="1" ind2="3" tag="246">
<subfield code="a">Memorial lecture of the Leo Baeck Institute</subfield>
</datafield>
<datafield ind1=" " ind2=" " tag="300">
<subfield code="a">1 online resource (&lt; [volume] 1.1958 - [volume] 55. 2012 &gt; );</subfield>
</datafield>
<datafield ind1=" " ind2=" " tag="310">
<subfield code="a">Annual</subfield>
</datafield>
<datafield ind1=" " ind2=" " tag="500">
<subfield code="a">[v.] 30 never published.</subfield>
</datafield>
<datafield ind1=" " ind2=" " tag="546">
<subfield code="a">English</subfield>
</datafield>
<datafield ind1=" " ind2="0" tag="650">
<subfield code="a">Leo Baeck Institute</subfield>
<subfield code="x">Lectures</subfield>
<subfield code="5">LBI</subfield>
</datafield>
<datafield ind1=" " ind2="0" tag="651">
<subfield code="a">Germany</subfield>
<subfield code="5">LBI</subfield>
</datafield>
<datafield ind1=" " ind2="0" tag="650">
<subfield code="a">Jews</subfield>
<subfield code="z">Germany</subfield>
<subfield code="x">History</subfield>
<subfield code="5">LBI</subfield>
</datafield>
<datafield ind1=" " ind2="7" tag="655">
<subfield code="a">Periodicals</subfield>
<subfield code="2">cjh</subfield>
</datafield>
<datafield ind1=" " ind2="7" tag="655">
<subfield code="a">Journals (Periodicals)</subfield>
<subfield code="2">cjh</subfield>
</datafield>
<datafield ind1="2" ind2=" " tag="710">
<subfield code="a">Leo Baeck Institute, New York.</subfield>
</datafield>
<datafield ind1=" " ind2=" " tag="852">
<subfield code="a">Leo Baeck Institute</subfield>
<subfield code="b">LBI Library</subfield>
<subfield code="e">15 West 16th Street, New York, NY 10011</subfield>
<subfield code="h">LBI DS 135 G3 A263</subfield>
</datafield>
<datafield ind1=" " ind2=" " tag="094">
<subfield code="a">LBI DS 135 G3 A263</subfield>
</datafield>
<datafield ind1=" " ind2="1" tag="264">
<subfield code="a">New York :</subfield>
<subfield code="b">Leo Baeck Institute,</subfield>
<subfield code="c">1958-2012.</subfield>
</datafield>
<datafield ind1=" " ind2=" " tag="336">
<subfield code="a">text</subfield>
<subfield code="2">rdacontent</subfield>
</datafield>
<datafield ind1=" " ind2=" " tag="337">
<subfield code="a">computer</subfield>
<subfield code="2">rdamedia</subfield>
</datafield>
<datafield ind1=" " ind2=" " tag="338">
<subfield code="a">online resource</subfield>
<subfield code="2">rdacarrier</subfield>
</datafield>
<datafield ind1=" " ind2=" " tag="SID">
<subfield code="a">Z39</subfield>
<subfield code="b">ALEPH_Z39</subfield>
</datafield>
<datafield ind2=" " ind1=" " tag="856"><subfield code="u">http://digital.cjh.org/webclient/DeliveryManager?pid=1953575&amp;custom_att_2=simple_viewer</subfield></datafield><datafield ind2=" " ind1=" " tag="856"><subfield code="x">
				http://digital.cjh.org/webclient/DeliveryManager?pid=1953576</subfield></datafield></record></metadata></record>