<record><header><identifier>oai:digital.cjh.org:1990052</identifier><datestamp>2015-03-10T18:40:45Z</datestamp><setSpec>LBI_periodicals</setSpec></header><metadata>
<record xmlns="http://www.loc.gov/MARC21/slim" xmlns:xsi="http://www.w3.org/2001/XMLSchema-instance" xsi:schemaLocation="http://www.loc.gov/MARC21/slim http://www.loc.gov/standards/marcxml/schema/MARC21slim.xsd">
<leader>03662nas a2200661 a 4500</leader>
<controlfield tag="FMT">SE</controlfield>
<controlfield tag="001">000280257</controlfield>
<controlfield tag="005">20140224182507.0</controlfield>
<controlfield tag="008">060206d19391945xr er n s     0    0ger d</controlfield>
<datafield ind1=" " ind2=" " tag="040">
<subfield code="a">NNLBI</subfield>
</datafield>
<datafield ind1="0" ind2=" " tag="041">
<subfield code="a">ger</subfield>
<subfield code="a">cze</subfield>
</datafield>
<datafield ind1=" " ind2=" " tag="050">
<subfield code="a">DS 135 C95</subfield>
</datafield>
<datafield ind1="0" ind2=" " tag="130">
<subfield code="a">Jüdisches Nachrichtenblatt (Prague, Czech Republic)</subfield>
</datafield>
<datafield ind1="1" ind2="0" tag="245">
<subfield code="a">Jüdisches Nachrichtenblatt = Organ der jüdischen Kultusgemeinde in Prag und der Zionistischen Organisation in Prag = Židovské listy : organ židovské náboženská obec v Praze.</subfield>
</datafield>
<datafield ind1="1" ind2="1" tag="246">
<subfield code="a">Židovské listy : organ židovské náboženská obec v Praze.</subfield>
</datafield>
<datafield ind1=" " ind2=" " tag="260">
<subfield code="a">Prag :</subfield>
<subfield code="b">Jüdische Kultusgemeinde, Prag,</subfield>
<subfield code="c">1939-1945.</subfield>
</datafield>
<datafield ind1=" " ind2=" " tag="300">
<subfield code="a">1 online resource (7 volumes)</subfield>
</datafield>
<datafield ind1=" " ind2=" " tag="310">
<subfield code="a">Biweekly,</subfield>
<subfield code="b">Aug. 13, 1943-Jan. 26. 1945.</subfield>
</datafield>
<datafield ind1=" " ind2=" " tag="321">
<subfield code="a">Weekly,</subfield>
<subfield code="b">Nov. 24, 1939-Apr. 16, 1943</subfield>
</datafield>
<datafield ind1="0" ind2=" " tag="362">
<subfield code="a">Jahrg. 1, Nr. 1 (24. Nov. 1939)-Jg. 7 (1945).</subfield>
</datafield>
<datafield ind1=" " ind2=" " tag="500">
<subfield code="a">Czech title: Židovské listy : organ židovské náboženská obec v Praze.</subfield>
</datafield>
<datafield ind1=" " ind2=" " tag="520">
<subfield code="a">The Jewish bulletin for Bohemia and Moravia published in German and Czech by the Prague Jewish community and the Zionist Organization.</subfield>
</datafield>
<datafield ind1=" " ind2=" " tag="546">
<subfield code="a">German and Czech</subfield>
</datafield>
<datafield ind1=" " ind2=" " tag="500">
<subfield code="a">Subtitle varies. Jahrg. 5, &lt; Nr. 16 (April 16, 1943) &gt;- has the subtitle: Organ des Ältestenrates der Juden in Prag = organ židovské rady starṥich v Praze.</subfield>
</datafield>
<datafield ind1=" " ind2=" " tag="500">
<subfield code="a">Editors: Nov. 24-Dec. 1, 1939, Fritz Tauber; Dec. 8-Dec. 22, 1939, Karl Fleischmann; Dec. 29, 1939-Oct. 17, 1941, Oskar Singer; Oct. 24, 1941-Apr. 16, 1943, Karl Fleischmann; Aug. 13, 1943-Jan. 26, 1945, Viktor Kollek.</subfield>
</datafield>
<datafield ind1=" " ind2=" " tag="500">
<subfield code="a">LBI Library's copy: the issues of vol. 5 (1943) and vol. 7 (1945) are photocopies.</subfield>
</datafield>
<datafield ind1=" " ind2="0" tag="650">
<subfield code="a">Jews</subfield>
<subfield code="z">Czech Republic</subfield>
<subfield code="z">Bohemia and Moravia (Protectorate, 1939-1945)</subfield>
<subfield code="v">Periodicals.</subfield>
</datafield>
<datafield ind1=" " ind2="0" tag="651">
<subfield code="a">Czechoslovakia</subfield>
<subfield code="5">LBI</subfield>
</datafield>
<datafield ind1=" " ind2="0" tag="650">
<subfield code="a">Jews</subfield>
<subfield code="z">Czech Republic</subfield>
<subfield code="z">Bohemia and Moravia (Protectorate, 1939-1945)</subfield>
<subfield code="v">Newspapers.</subfield>
</datafield>
<datafield ind1=" " ind2="0" tag="650">
<subfield code="a">Jews</subfield>
<subfield code="x">Persecutions</subfield>
<subfield code="z">Czech Republic</subfield>
<subfield code="z">Bohemia.</subfield>
</datafield>
<datafield ind1=" " ind2="0" tag="650">
<subfield code="a">Jews</subfield>
<subfield code="x">Persecutions</subfield>
<subfield code="z">Czech Republic</subfield>
<subfield code="z">Moravia.</subfield>
</datafield>
<datafield ind1=" " ind2="0" tag="650">
<subfield code="a">Jews</subfield>
<subfield code="z">Czech Republic</subfield>
<subfield code="x">Migrations.</subfield>
</datafield>
<datafield ind1=" " ind2="0" tag="650">
<subfield code="a">Jewish periodicals</subfield>
<subfield code="5">LBI</subfield>
</datafield>
<datafield ind1=" " ind2="0" tag="650">
<subfield code="a">German-language periodicals</subfield>
<subfield code="5">CJH</subfield>
</datafield>
<datafield ind1=" " ind2="0" tag="650">
<subfield code="a">Czech-language periodicals</subfield>
<subfield code="5">CJH</subfield>
</datafield>
<datafield ind1=" " ind2="0" tag="650">
<subfield code="a">Periodicals</subfield>
<subfield code="z">Czech Republic</subfield>
<subfield code="5">LBI</subfield>
</datafield>
<datafield ind1=" " ind2="0" tag="650">
<subfield code="a">Periodicals</subfield>
<subfield code="z">Czech Republic</subfield>
<subfield code="z">Prague</subfield>
<subfield code="5">LBI</subfield>
</datafield>
<datafield ind1=" " ind2="0" tag="651">
<subfield code="a">Moravia (Czech Republic)</subfield>
</datafield>
<datafield ind1=" " ind2="0" tag="651">
<subfield code="a">Bohemia (Czech Republic)</subfield>
</datafield>
<datafield ind1=" " ind2="7" tag="655">
<subfield code="a">Periodicals</subfield>
<subfield code="2">cjh</subfield>
</datafield>
<datafield ind1=" " ind2="7" tag="655">
<subfield code="a">Newspapers</subfield>
<subfield code="2">cjh</subfield>
</datafield>
<datafield ind1="2" ind2=" " tag="710">
<subfield code="a">Jüdische Kultusgemeinde Prag.</subfield>
</datafield>
<datafield ind1="1" ind2=" " tag="700">
<subfield code="a">Tauber, Fritz.</subfield>
</datafield>
<datafield ind1="1" ind2=" " tag="700">
<subfield code="a">Fleischmann, Karl.</subfield>
</datafield>
<datafield ind1="1" ind2=" " tag="700">
<subfield code="a">Singer, Oskar.</subfield>
</datafield>
<datafield ind1="1" ind2=" " tag="700">
<subfield code="a">Kollek, Victor.</subfield>
</datafield>
<datafield ind1="2" ind2=" " tag="710">
<subfield code="a">Zionist Organisation</subfield>
</datafield>
<datafield ind1="2" ind2=" " tag="710">
<subfield code="a">Ältestenrat der Juden in Prag</subfield>
</datafield>
<datafield ind1=" " ind2=" " tag="852">
<subfield code="a">Leo Baeck Institute</subfield>
<subfield code="b">LBI Library</subfield>
<subfield code="e">15 West 16th Street, New York, NY 10011</subfield>
<subfield code="h">B464</subfield>
</datafield>
<datafield ind1=" " ind2=" " tag="336">
<subfield code="a">text</subfield>
<subfield code="2">rdacontent</subfield>
</datafield>
<datafield ind1=" " ind2=" " tag="337">
<subfield code="a">computer</subfield>
<subfield code="2">rdamedia</subfield>
</datafield>
<datafield ind1=" " ind2=" " tag="338">
<subfield code="a">online resource</subfield>
<subfield code="2">rdacarrier</subfield>
</datafield>
<datafield ind1=" " ind2=" " tag="094">
<subfield code="a">B464</subfield>
</datafield>
<datafield ind1=" " ind2=" " tag="336">
<subfield code="a">text</subfield>
<subfield code="2">rdacontent</subfield>
</datafield>
<datafield ind1=" " ind2=" " tag="337">
<subfield code="a">unmediated</subfield>
<subfield code="2">rdamedia</subfield>
</datafield>
<datafield ind1=" " ind2=" " tag="338">
<subfield code="a">volume</subfield>
<subfield code="2">rdacarrier</subfield>
</datafield>
<datafield ind1=" " ind2=" " tag="952">
<subfield code="a">NNLBI</subfield>
<subfield code="b">LBISE</subfield>
<subfield code="h">B464</subfield>
</datafield>
<datafield ind1=" " ind2=" " tag="SID">
<subfield code="a">Z39</subfield>
<subfield code="b">ALEPH_Z39</subfield>
</datafield>
<datafield ind2=" " ind1=" " tag="856"><subfield code="u">http://digital.cjh.org/webclient/DeliveryManager?pid=1990052&amp;custom_att_2=simple_viewer</subfield></datafield><datafield ind2=" " ind1=" " tag="856"><subfield code="x">
				http://digital.cjh.org/webclient/DeliveryManager?pid=1990053</subfield></datafield></record></metadata></record>