<record><header><identifier>oai:digital.cjh.org:1956309</identifier><datestamp>2015-03-10T18:40:45Z</datestamp><setSpec>LBI_periodicals</setSpec></header><metadata>
<record xmlns="http://www.loc.gov/MARC21/slim" xmlns:xsi="http://www.w3.org/2001/XMLSchema-instance" xsi:schemaLocation="http://www.loc.gov/MARC21/slim http://www.loc.gov/standards/marcxml/schema/MARC21slim.xsd">
<leader>03574nas a2200661 a 4500</leader>
<controlfield tag="FMT">SE</controlfield>
<controlfield tag="001">000280057</controlfield>
<controlfield tag="005">20130425095138.0</controlfield>
<controlfield tag="008">060206d19321933gw zu1n       0    0ger d</controlfield>
<datafield ind1=" " ind2=" " tag="040">
<subfield code="d">NNLBI</subfield>
</datafield>
<datafield ind1="0" ind2=" " tag="041">
<subfield code="a">ger</subfield>
</datafield>
<datafield ind1=" " ind2=" " tag="050">
<subfield code="a">BF 1003</subfield>
</datafield>
<datafield ind1="1" ind2="0" tag="245">
<subfield code="a">Erik Jan Hanussen's B. W. Berliner Wochenschau.</subfield>
</datafield>
<datafield ind1="1" ind2="1" tag="246">
<subfield code="a">B. W. Berliner Wochenschau</subfield>
<subfield code="f">&lt; Nr. 12 (April 1932)- &gt;</subfield>
</datafield>
<datafield ind1="1" ind2="0" tag="246">
<subfield code="a">Berliner Wochenschau</subfield>
<subfield code="f">&lt; Nr. 12 (April 1932)- &gt;</subfield>
</datafield>
<datafield ind1="1" ind2="0" tag="246">
<subfield code="a">Hanussen's B. W. Berliner Wochenschau</subfield>
<subfield code="f">&lt; Nr. 12 (April 1932)- &gt;</subfield>
</datafield>
<datafield ind1="1" ind2="0" tag="246">
<subfield code="a">Hanussen's Berliner Wochenschau</subfield>
<subfield code="f">&lt; Nr. 12 (April 1932)- &gt;</subfield>
</datafield>
<datafield ind1="1" ind2="0" tag="246">
<subfield code="a">Hanussens B.W. Bunte Wochenschau : die Hellseher Zeitung</subfield>
<subfield code="f">&lt; Nr. 18 (Mai 1932)- &gt;</subfield>
</datafield>
<datafield ind1="1" ind2="0" tag="246">
<subfield code="a">B.W. Bunte Wochenschau : die Hellseher Zeitung</subfield>
<subfield code="f">&lt; Nr. 18 (Mai 1932)- &gt;</subfield>
</datafield>
<datafield ind1="1" ind2="0" tag="246">
<subfield code="a">Bunte Wochenschau : die Hellseher Zeitung</subfield>
<subfield code="f">&lt; Nr. 18 (Mai 1932)- &gt;</subfield>
</datafield>
<datafield ind1="1" ind2="0" tag="246">
<subfield code="a">Hellseher Zeitung</subfield>
<subfield code="f">&lt; Nr. 18 (Mai 1932)- &gt;</subfield>
</datafield>
<datafield ind1="1" ind2="0" tag="246">
<subfield code="a">Berliner Woche</subfield>
<subfield code="f">Nr. 1-4 (1932)</subfield>
</datafield>
<datafield ind1=" " ind2=" " tag="260">
<subfield code="a">Berlin :</subfield>
<subfield code="b">Druck und Verlag: Erik Jan Hanussen-Steinschneider,</subfield>
<subfield code="c">[1932?-1933?].</subfield>
</datafield>
<datafield ind1=" " ind2=" " tag="300">
<subfield code="a">1 online resource (issues : illustrations)</subfield>
</datafield>
<datafield ind1=" " ind2=" " tag="310">
<subfield code="a">Twice a month?</subfield>
</datafield>
<datafield ind1="1" ind2=" " tag="362">
<subfield code="a">Began in 1932?</subfield>
</datafield>
<datafield ind1="1" ind2=" " tag="362">
<subfield code="a">Ceased publication in 1933?</subfield>
</datafield>
<datafield ind1=" " ind2=" " tag="500">
<subfield code="a">Edited by Leopold Thoma</subfield>
</datafield>
<datafield ind1=" " ind2=" " tag="520">
<subfield code="a">The Berliner Wochenschau, also known as the Bunte Wochenschau, published in the early 1930s, was a popular biweekly Berlin tabloid which included astrological columns, articles about the occult and psychic predictions (sometimes even about the Nazi party). Its publisher, Erik Jan Hanussen was an Austrian-born clairvoyant performer of Jewish decent. He died mysteriously in 1933; it is rumored that he was assassinated by the Nazi party, but the reasons for his death are unclear.</subfield>
</datafield>
<datafield ind1=" " ind2=" " tag="546">
<subfield code="a">German</subfield>
</datafield>
<datafield ind1=" " ind2=" " tag="500">
<subfield code="a">Description based on: Nr. 12 (April 1932); caption title.</subfield>
</datafield>
<datafield ind1=" " ind2=" " tag="500">
<subfield code="a">Latest issue consulted: Nr. 32 (Okt. [1933]).</subfield>
</datafield>
<datafield ind1=" " ind2=" " tag="500">
<subfield code="a">Title varies. Issues no. 1-4 (1932) have the title: Berliner Woche. Issues &lt; no. 18 (13.-19. Mai 1932)- &gt; have the title: Hanussens B.W. Bunte Wochenschau : die Hellseher Zeitung.</subfield>
</datafield>
<datafield ind1=" " ind2=" " tag="500">
<subfield code="a">Publication dates and frequency are unclear. ZDB records the dates of publication as follows: 1.1932 - 2.1933 = Nr.1-38[?]</subfield>
</datafield>
<datafield ind1=" " ind2=" " tag="500">
<subfield code="a">Library has nos. 12, 13, 25 and 31</subfield>
</datafield>
<datafield ind1=" " ind2="0" tag="650">
<subfield code="a">German-language periodicals</subfield>
<subfield code="5">CJH</subfield>
</datafield>
<datafield ind1=" " ind2="0" tag="650">
<subfield code="a">Occultism</subfield>
<subfield code="z">Germany</subfield>
<subfield code="z">Berlin</subfield>
<subfield code="v">Periodicals.</subfield>
</datafield>
<datafield ind1=" " ind2="0" tag="650">
<subfield code="a">Astrology</subfield>
<subfield code="v">Periodicals.</subfield>
</datafield>
<datafield ind1=" " ind2="0" tag="650">
<subfield code="a">Parapsychology</subfield>
<subfield code="z">Germany</subfield>
<subfield code="z">Berlin</subfield>
<subfield code="v">Periodicals.</subfield>
</datafield>
<datafield ind1=" " ind2="0" tag="650">
<subfield code="a">Periodicals</subfield>
<subfield code="z">Germany</subfield>
<subfield code="z">Berlin.</subfield>
</datafield>
<datafield ind1=" " ind2="0" tag="650">
<subfield code="a">Periodicals</subfield>
<subfield code="z">Germany.</subfield>
</datafield>
<datafield ind1=" " ind2="0" tag="650">
<subfield code="a">Newspapers</subfield>
<subfield code="z">Germany</subfield>
<subfield code="z">Berlin.</subfield>
</datafield>
<datafield ind1=" " ind2="7" tag="655">
<subfield code="a">Periodicals</subfield>
<subfield code="2">cjh</subfield>
</datafield>
<datafield ind1=" " ind2="7" tag="655">
<subfield code="a">Newspapers</subfield>
<subfield code="2">cjh</subfield>
</datafield>
<datafield ind1="1" ind2=" " tag="700">
<subfield code="a">Thoma, Leopold.</subfield>
</datafield>
<datafield ind1="1" ind2=" " tag="700">
<subfield code="a">Hanussen, Erik Jan,</subfield>
<subfield code="d">1889-1933</subfield>
</datafield>
<datafield ind1=" " ind2=" " tag="852">
<subfield code="a">Leo Baeck Institute</subfield>
<subfield code="b">LBI Library</subfield>
<subfield code="e">15 West 16th Street, New York, NY 10011</subfield>
<subfield code="h">B494</subfield>
</datafield>
<datafield ind1=" " ind2=" " tag="094">
<subfield code="a">B494</subfield>
</datafield>
<datafield ind1=" " ind2=" " tag="336">
<subfield code="a">text</subfield>
<subfield code="2">rdacontent</subfield>
</datafield>
<datafield ind1=" " ind2=" " tag="337">
<subfield code="a">computer</subfield>
<subfield code="2">rdamedia</subfield>
</datafield>
<datafield ind1=" " ind2=" " tag="338">
<subfield code="a">online resource</subfield>
<subfield code="2">rdacarrier</subfield>
</datafield>
<datafield ind1=" " ind2=" " tag="SID">
<subfield code="a">Z39</subfield>
<subfield code="b">ALEPH_Z39</subfield>
</datafield>
<datafield ind2=" " ind1=" " tag="856"><subfield code="u">http://digital.cjh.org/webclient/DeliveryManager?pid=1956309&amp;custom_att_2=simple_viewer</subfield></datafield><datafield ind2=" " ind1=" " tag="856"><subfield code="x">
				http://digital.cjh.org/webclient/DeliveryManager?pid=1956310</subfield></datafield></record></metadata></record>