<record><header><identifier>oai:digital.cjh.org:2209565</identifier><datestamp>2015-03-10T18:40:45Z</datestamp><setSpec>LBI_periodicals</setSpec></header><metadata>
<record xmlns="http://www.loc.gov/MARC21/slim" xmlns:xsi="http://www.w3.org/2001/XMLSchema-instance" xsi:schemaLocation="http://www.loc.gov/MARC21/slim http://www.loc.gov/standards/marcxml/schema/MARC21slim.xsd">
<leader>05389nas a2200793 a 4500</leader>
<controlfield tag="FMT">SE</controlfield>
<controlfield tag="001">000280184</controlfield>
<controlfield tag="005">20130829173805.0</controlfield>
<controlfield tag="008">071002d19241938gw qr p s     0    0ger d</controlfield>
<datafield ind1=" " ind2=" " tag="040">
<subfield code="a">NNLBI</subfield>
</datafield>
<datafield ind1="0" ind2=" " tag="041">
<subfield code="a">ger</subfield>
</datafield>
<datafield ind1=" " ind2=" " tag="050">
<subfield code="a">CS 3010 Z9</subfield>
</datafield>
<datafield ind1="0" ind2=" " tag="130">
<subfield code="a">Jüdische Familienforschung (Berlin, Germany : 1924-1938)</subfield>
</datafield>
<datafield ind1="1" ind2="0" tag="245">
<subfield code="a">Jüdische Familien-Forschung : Mitteilungen der Gesellschaft für Jüdische Familien-Forschung /</subfield>
<subfield code="c">[herausgegeben und redigiert von Dr. A. Czellitzer].</subfield>
</datafield>
<datafield ind1="3" ind2="3" tag="246">
<subfield code="a">Jüdische Familien - Forschung</subfield>
</datafield>
<datafield ind1=" " ind2=" " tag="300">
<subfield code="a">1 online resource (50 numbers : illustrations, genealogical tables) : digital file</subfield>
</datafield>
<datafield ind1=" " ind2=" " tag="310">
<subfield code="a">Quarterly,</subfield>
<subfield code="b">Jahrgang 12-14</subfield>
</datafield>
<datafield ind1=" " ind2=" " tag="321">
<subfield code="a">Irregular,</subfield>
<subfield code="b">Jahrgang 9-11</subfield>
</datafield>
<datafield ind1=" " ind2=" " tag="321">
<subfield code="a">Quarterly,</subfield>
<subfield code="b">Jahrgang 1-8</subfield>
</datafield>
<datafield ind1="0" ind2=" " tag="362">
<subfield code="a">Jahrg. 1, Nr. 1 (Dez. 1924)-Jahrg. 14 (1938)(=[Heft 1]-Heft 50 [der gesamten Folge])</subfield>
</datafield>
<datafield ind1=" " ind2=" " tag="546">
<subfield code="a">German</subfield>
</datafield>
<datafield ind1=" " ind2=" " tag="583">
<subfield code="a">Recataloging</subfield>
<subfield code="c">20100721</subfield>
<subfield code="k">tb</subfield>
</datafield>
<datafield ind1=" " ind2=" " tag="500">
<subfield code="a">A new series of this periodical was continued in 1992 by K.W. Apfelbaum (LBI Library call number C123)</subfield>
</datafield>
<datafield ind1=" " ind2=" " tag="500">
<subfield code="a">[Vol. 2-3, 5] include indexes.</subfield>
</datafield>
<datafield ind1=" " ind2=" " tag="500">
<subfield code="a">[Vol. 3] also contains: Verzeichnis der Mitglieder und Mitarbeiter nach dem Stand vom 31.4.35 (16 leaves).</subfield>
</datafield>
<datafield ind1=" " ind2=" " tag="500">
<subfield code="a">[Vol. 6] also contains: Satzungen der Gesellschaft fuer juedische Familienforschung (1 leaf).</subfield>
</datafield>
<datafield ind1=" " ind2=" " tag="501">
<subfield code="a">[Vol. 1] also contains: Archiv fuer juedische Familienforschung, Jahrg. 1912, Heft 1 ; Archiv fuer juedische Familienforschung : Kunstgeschichte und Museumwesen, Jahrg. 1, Nr. 2-3 (1913).</subfield>
</datafield>
<datafield ind1=" " ind2=" " tag="506">
<subfield code="a">Public access to microfilm or reprint.</subfield>
</datafield>
<datafield ind1=" " ind2=" " tag="520">
<subfield code="a">Founded in 1924, the "Gesellschaft für die Jüdische Familien-Forschung" (Society for Jewish family research) began publishing its newsletter to connect Jewish genealogists together and create a forum for their research. Its editor, the ophthalmologist Arthur Czellitzer, claimed that the understanding of familial lineage as particularly important for the Jewish people. Since the Jewish people did not have their own country or language (at that time), knowledge of family history would bring them closer to their original roots, even if they had distanced themselves from the religious rituals of their forefathers. In the introduction to the first issue, he explained that the most important task of the "Gesellschaft für die Jüdische Familienforschung" was to collect materials on Jewish families for an archive of Jewish genealogy. Eventually, these papers were destroyed after he fled with them to the Netherlands during the Holocaust. Czellitzer was murdered in 1943 in the death camp of Sobibor in Poland. (Source: Czellitzer, Arthur. "Zum Geleit!" Jüdische Familienforschung, Jg. 1, Nr. 1 (Dez. 1924), p. 3; "Czellitzer, Arthur." Biographisches Handbuch der deutschsprachigen Emigration nach 1933. Bd. 1 (1980), p. 565)</subfield>
</datafield>
<datafield ind1=" " ind2=" " tag="536">
<subfield code="a">Financial support for digitization provided by GerSIG (German Jewish Special Interest Group of JewishGen).</subfield>
</datafield>
<datafield ind1=" " ind2="0" tag="650">
<subfield code="a">Jews</subfield>
<subfield code="z">Germany</subfield>
<subfield code="v">Genealogy</subfield>
<subfield code="v">Periodicals</subfield>
<subfield code="5">LBI</subfield>
</datafield>
<datafield ind1=" " ind2="0" tag="650">
<subfield code="a">Jews</subfield>
<subfield code="v">Genealogy</subfield>
<subfield code="v">Periodicals</subfield>
<subfield code="5">LBI</subfield>
</datafield>
<datafield ind1=" " ind2="0" tag="650">
<subfield code="a">German-language periodicals</subfield>
</datafield>
<datafield ind1=" " ind2="0" tag="650">
<subfield code="a">Jewish periodicals</subfield>
</datafield>
<datafield ind1=" " ind2="0" tag="650">
<subfield code="a">Periodicals</subfield>
<subfield code="z">Germany</subfield>
</datafield>
<datafield ind1=" " ind2="0" tag="650">
<subfield code="a">Periodicals</subfield>
<subfield code="z">Germany</subfield>
<subfield code="z">Berlin</subfield>
</datafield>
<datafield ind1=" " ind2="7" tag="655">
<subfield code="a">Periodicals</subfield>
<subfield code="2">cjh</subfield>
</datafield>
<datafield ind1=" " ind2="7" tag="655">
<subfield code="a">Journals (Periodicals)</subfield>
<subfield code="2">cjh</subfield>
</datafield>
<datafield ind1="1" ind2=" " tag="700">
<subfield code="a">Czellitzer, Arthur,</subfield>
<subfield code="d">1871-1943.</subfield>
</datafield>
<datafield ind1="2" ind2=" " tag="710">
<subfield code="a">Gesellschaft für Jüdische Familien-Forschung (Germany)</subfield>
</datafield>
<datafield ind1="1" ind2="0" tag="785">
<subfield code="a">Juedische Familienforschung [new series] : Mitteilungen der Gesellschaft fuer Juedische Familienforschung / [Herausgeber K.W. Apfelbaum]. (1992-)</subfield>
</datafield>
<datafield ind1=" " ind2=" " tag="852">
<subfield code="a">Leo Baeck Institute</subfield>
<subfield code="b">LBI Library</subfield>
<subfield code="e">15 West 16th Street, New York, NY 10011</subfield>
<subfield code="h">B184</subfield>
</datafield>
<datafield ind1=" " ind2="1" tag="264">
<subfield code="a">Berlin :</subfield>
<subfield code="b">Gesellschaft für Jüdische Familien-Forschung,</subfield>
<subfield code="c">1924-1938.</subfield>
</datafield>
<datafield ind1=" " ind2=" " tag="094">
<subfield code="a">B184</subfield>
</datafield>
<datafield ind1=" " ind2=" " tag="336">
<subfield code="a">text</subfield>
<subfield code="2">rdacontent</subfield>
</datafield>
<datafield ind1=" " ind2=" " tag="337">
<subfield code="a">computer</subfield>
<subfield code="2">rdamedia</subfield>
</datafield>
<datafield ind1=" " ind2=" " tag="338">
<subfield code="a">online resource</subfield>
<subfield code="2">rdacarrier</subfield>
</datafield>
<datafield ind1=" " ind2=" " tag="952">
<subfield code="a">NNLBI</subfield>
<subfield code="b">LBISE</subfield>
<subfield code="h">B184</subfield>
</datafield>
<datafield ind1=" " ind2=" " tag="SID">
<subfield code="a">Z39</subfield>
<subfield code="b">ALEPH_Z39</subfield>
</datafield>
<datafield ind2=" " ind1=" " tag="856"><subfield code="u">http://digital.cjh.org/webclient/DeliveryManager?pid=2209565&amp;custom_att_2=simple_viewer</subfield></datafield><datafield ind2=" " ind1=" " tag="856"><subfield code="x">
				http://digital.cjh.org/webclient/DeliveryManager?pid=2209566</subfield></datafield></record></metadata></record>