<record><header><identifier>oai:digital.cjh.org:2339155</identifier><datestamp>2015-03-10T18:40:45Z</datestamp><setSpec>LBI_periodicals</setSpec></header><metadata>
<record xmlns="http://www.loc.gov/MARC21/slim" xmlns:xsi="http://www.w3.org/2001/XMLSchema-instance" xsi:schemaLocation="http://www.loc.gov/MARC21/slim http://www.loc.gov/standards/marcxml/schema/MARC21slim.xsd">
<leader>02977nas a2200505 u 4500</leader>
<controlfield tag="FMT">SE</controlfield>
<controlfield tag="001">004587969</controlfield>
<controlfield tag="003">NyNyCJH</controlfield>
<controlfield tag="005">20140527111143.0</controlfield>
<controlfield tag="008">130619d19461947cc dr nes     0    0ger d</controlfield>
<datafield ind1=" " ind2=" " tag="040">
<subfield code="a">NNLBI</subfield>
<subfield code="d">UtOrBLW</subfield>
</datafield>
<datafield ind1="0" ind2=" " tag="041">
<subfield code="a">ger</subfield>
</datafield>
<datafield ind1=" " ind2=" " tag="050">
<subfield code="a">DS 135 C5</subfield>
</datafield>
<datafield ind1=" " ind2=" " tag="240">
<subfield code="a">Shanghai echo (Shanghai, China : 1946-1947)</subfield>
</datafield>
<datafield ind1="0" ind2="0" tag="245">
<subfield code="a">Shanghai echo : taegl. Nachrichtenblatt : daily newspaper.</subfield>
</datafield>
<datafield ind1="1" ind2="3" tag="246">
<subfield code="a">Shanghai echo : taegliches Nachrichtenblatt : daily newspaper</subfield>
</datafield>
<datafield ind1=" " ind2=" " tag="300">
<subfield code="a">1 online resource (volumes).</subfield>
</datafield>
<datafield ind1=" " ind2=" " tag="310">
<subfield code="a">Daily</subfield>
</datafield>
<datafield ind1="0" ind2=" " tag="362">
<subfield code="a">Jahrgang 1 (1946)-[Jahrgang 3, Nr. 351 (29. Dez. 1947)?]</subfield>
</datafield>
<datafield ind1=" " ind2=" " tag="500">
<subfield code="a">No more published after Jahrgang 3, Nr. 351 (29. Dez. 1947)?</subfield>
</datafield>
<datafield ind1=" " ind2=" " tag="500">
<subfield code="a">Editor: Ossi Lewin.</subfield>
</datafield>
<datafield ind1=" " ind2=" " tag="500">
<subfield code="a">Microfilm reproduced with permission from microfilm provided by YIVO Institute for Jewish Research.</subfield>
</datafield>
<datafield ind1=" " ind2=" " tag="500">
<subfield code="a">Continues: Shanghai Jewish Chronicle (Jahrgang 1, Nr. 1 (1939)-[Jahrgang 7] (Okt. 1945)).</subfield>
</datafield>
<datafield ind1="4" ind2=" " tag="510">
<subfield code="a">Maas, Lieselottce. Handbuch der deutschen Exilpresse, 1933-1945.</subfield>
<subfield code="c">Bd. 2, p. 576-527</subfield>
</datafield>
<datafield ind1=" " ind2=" " tag="520">
<subfield code="a">The Shanghai Echo was one of many German-language periodicals published for Jewish refugees who fled to Shanghai in an effort to escape National Socialism. Before World War I, the Jewish population in Shanghai was estimated to be 700; by 1945, the population increased to 25,000 as Jews sought refuge from persecution in Europe (this statistic includes Russian Jews who fled after the 1917 revolution). After failing to obtain visas to other countries, many Jews immigrated to Shanghai because they could enter its free port without visas. Most Jewish refugees left after the end of World War II. The Shanghai Echo reported on current events and opinions, with special attention to the news relevant to the German and Austrian Jewish community in Shanghai. (Encyclopaedia Judaica, 2007)</subfield>
</datafield>
<datafield ind1=" " ind2=" " tag="546">
<subfield code="a">German</subfield>
</datafield>
<datafield ind1=" " ind2=" " tag="588">
<subfield code="a">Description based on: Jg. 1, Nr. 75 (17. Maerz 1946); caption title.</subfield>
</datafield>
<datafield ind1=" " ind2=" " tag="590">
<subfield code="a">These reels were reproduced from YIVO reels. The call numbers of YIVO's reels are: Y-2003-1849, Y-2003-1849.A, Y-2003-1849.B</subfield>
</datafield>
<datafield ind1=" " ind2="0" tag="650">
<subfield code="a">Jewish refugees</subfield>
<subfield code="z">China</subfield>
<subfield code="z">Shanghai</subfield>
<subfield code="v">Periodicals.</subfield>
</datafield>
<datafield ind1=" " ind2="0" tag="650">
<subfield code="a">Jews</subfield>
<subfield code="z">China</subfield>
<subfield code="z">Shanghai</subfield>
<subfield code="v">Periodicals.</subfield>
</datafield>
<datafield ind1=" " ind2="0" tag="650">
<subfield code="a">Jews, German</subfield>
<subfield code="z">China</subfield>
<subfield code="z">Shanghai</subfield>
<subfield code="v">Periodicals.</subfield>
</datafield>
<datafield ind1=" " ind2="0" tag="650">
<subfield code="a">Jews, Austrian</subfield>
<subfield code="z">China</subfield>
<subfield code="z">Shanghai</subfield>
<subfield code="v">Periodicals.</subfield>
</datafield>
<datafield ind1=" " ind2="0" tag="650">
<subfield code="a">Exiles</subfield>
<subfield code="v">Periodicals.</subfield>
</datafield>
<datafield ind1=" " ind2="0" tag="650">
<subfield code="a">Periodicals</subfield>
<subfield code="z">China</subfield>
<subfield code="z">Shanghai.</subfield>
</datafield>
<datafield ind1=" " ind2="0" tag="650">
<subfield code="a">German-language periodicals</subfield>
<subfield code="5">CJH</subfield>
</datafield>
<datafield ind1=" " ind2="7" tag="655">
<subfield code="a">Periodicals</subfield>
<subfield code="2">cjh</subfield>
</datafield>
<datafield ind1=" " ind2="7" tag="655">
<subfield code="a">Newspapers</subfield>
<subfield code="2">cjh</subfield>
</datafield>
<datafield ind1="0" ind2="0" tag="785">
<subfield code="a">Shanghai Jewish Chronicle (Jahrgang 1, Nr. 1 (1939)-[Jahrgang 7] (Okt. 1945)).</subfield>
</datafield>
<datafield ind1="1" ind2=" " tag="700">
<subfield code="a">Lewin, Ossi.</subfield>
</datafield>
<datafield ind1=" " ind2=" " tag="852">
<subfield code="a">Leo Baeck Institute</subfield>
<subfield code="b">LBI Library</subfield>
<subfield code="e">15 West 16th Street, New York, NY 10011</subfield>
<subfield code="h">B1076</subfield>
</datafield>
<datafield ind1=" " ind2=" " tag="094">
<subfield code="a">B1076</subfield>
</datafield>
<datafield ind1=" " ind2="1" tag="264">
<subfield code="a">Shanghai :</subfield>
<subfield code="b">[publisher not identified],</subfield>
<subfield code="c">1946-1947.</subfield>
</datafield>
<datafield ind1=" " ind2=" " tag="336">
<subfield code="a">text</subfield>
<subfield code="2">rdacontent</subfield>
</datafield>
<datafield ind1=" " ind2=" " tag="337">
<subfield code="a">computer</subfield>
<subfield code="2">rdamedia</subfield>
</datafield>
<datafield ind1=" " ind2=" " tag="338">
<subfield code="a">online resource</subfield>
<subfield code="2">rdacarrier</subfield>
</datafield>
<datafield ind1=" " ind2=" " tag="SID">
<subfield code="a">Z39</subfield>
<subfield code="b">ALEPH_Z39</subfield>
</datafield>
<datafield ind2=" " ind1=" " tag="856"><subfield code="u">http://digital.cjh.org/webclient/DeliveryManager?pid=2339155&amp;custom_att_2=simple_viewer</subfield></datafield><datafield ind2=" " ind1=" " tag="856"><subfield code="x">
				http://digital.cjh.org/webclient/DeliveryManager?pid=2339157</subfield></datafield></record></metadata></record>