<record><header><identifier>oai:digital.cjh.org:1980036</identifier><datestamp>2015-03-10T18:40:45Z</datestamp><setSpec>LBI_periodicals</setSpec></header><metadata>
<record xmlns="http://www.loc.gov/MARC21/slim" xmlns:xsi="http://www.w3.org/2001/XMLSchema-instance" xsi:schemaLocation="http://www.loc.gov/MARC21/slim http://www.loc.gov/standards/marcxml/schema/MARC21slim.xsd">
<leader>     nas a22      i 4500</leader>
<controlfield tag="FMT">MX</controlfield>
<controlfield tag="001">CJH01000000000000004594816</controlfield>
<controlfield tag="005">20140212190419.0</controlfield>
<controlfield tag="008">140128s1941    uik     s           eng d</controlfield>
<datafield ind1=" " ind2=" " tag="040">
<subfield code="a">NNLBI</subfield>
<subfield code="e">rda</subfield>
</datafield>
<datafield ind1="0" ind2=" " tag="041">
<subfield code="a">eng</subfield>
</datafield>
<datafield ind1="1" ind2="4" tag="050">
<subfield code="a">D 805 G7</subfield>
</datafield>
<datafield ind1="0" ind2=" " tag="130">
<subfield code="a">Camp (Hutchinson Internment Camp (Douglas, Isle of Man))</subfield>
</datafield>
<datafield ind1="1" ind2="4" tag="245">
<subfield code="a">The camp almanac 1940-1941 /</subfield>
<subfield code="c">editor: M. Corvin ; adm: W.G. Feuchtwang.</subfield>
</datafield>
<datafield ind1="1" ind2="3" tag="246">
<subfield code="i">Title on frontispiece.</subfield>
<subfield code="a">Almanac 1941 : Hutchinson Internment Camp, Douglas, Isle of Man</subfield>
</datafield>
<datafield ind1=" " ind2=" " tag="300">
<subfield code="a">1 online resource (52 unnumbered pages : color illustrations) 39 digital images</subfield>
</datafield>
<datafield ind1="1" ind2=" " tag="490">
<subfield code="a">The camp</subfield>
<subfield code="v">No. 13-14 (December 1940)</subfield>
</datafield>
<datafield ind1=" " ind2=" " tag="500">
<subfield code="a">Includes illustrations and essays by the internees of the Hutchinson Internment Camp (Douglas, Isle of Man). The drawings are hand-colored and some have the artists' signatures. The original item is bound in manila covers and tied at the spine with grass, most likely grass grown at the camp.</subfield>
</datafield>
<datafield ind1=" " ind2=" " tag="500">
<subfield code="a">Mimeographed (printed on a flat-bed duplicator).</subfield>
</datafield>
<datafield ind1=" " ind2=" " tag="500">
<subfield code="a">Additional issues of the newsletter "The Camp" were cataloged and microfilmed separately.</subfield>
</datafield>
<datafield ind1=" " ind2=" " tag="500">
<subfield code="a">Digital form produced with permission from originals on loan from Dan Wyman.</subfield>
</datafield>
<datafield ind1="8" ind2=" " tag="505">
<subfield code="a">Frontispiece by H. Weissenborn. -- Commander's greetings. -- Preface and thanks by M. Corvin and W.G. Feuchtwang. -- The camp by F. Kramer. -- Aliens by Rev. Kerlin. -- The strength by ***. -- Front-gardens by F. Uhlman. -- Our spirit by U. Hirsch. -- Mission of art by S. Oppenheimer. -- Internee by K. Schwitters. -- Stars and life by E.E. Verdier. -- Cultural flashlights by K.E. Hinrichsen. -- The philosophers by Erich Kahn. -- In memoriam Rudolf Olden by H. Fraenkel. -- Sketch for sculpture by P. Hamann. -- The little clown by M. Corvin. -- Camp theatre by O. Wenzel and M. Corvin. -- Grandmother's tale of 1941 by DOL. -- Technical school by L. Warschauer. -- Elijah and the angel by F. Solomonski. -- "Pregnant" by E.M. Blensdorf. -- Douglas Bay by F. Uhlman. -- Madame X by W. Simmel. -- Speaker on the lawn by Erich Kahn. -- Romeo and Julia by E. Schwitters-Guldahl. -- A future Douglas by B. Ahrends. -- Reconstruction of the seaside resorts by B. Ahrends. -- Maxim by J.W. Goethe, Drawing by H. Weissenborn.</subfield>
</datafield>
<datafield ind1=" " ind2=" " tag="520">
<subfield code="a">"The Camp" was a newsletter produced by the inmates of Hutchinson Internment Camp in Douglas, Isle of Man. Hutchinson was one of several prisons established during World War II on the Isle of Man to intern Britain's enemy aliens. Hutchinson, in particular, was known for its "artistic" inmates, many of whom were well known, such as Kurt Schwitters and Fred Uhlman.</subfield>
<subfield code="b">Sources: Chappell, Connery. Island of Barbed Wire. London: Hale, 1984; en.wikipedia.org. "Hutchinson Internment Camp." Web. 29 January 2014.</subfield>
</datafield>
<datafield ind1=" " ind2=" " tag="533">
<subfield code="a">Digital image</subfield>
<subfield code="b">New York, NY</subfield>
<subfield code="c">Gruss Lipper Digital Laboratory, Center for Jewish History</subfield>
<subfield code="d">2014</subfield>
</datafield>
<datafield ind1=" " ind2=" " tag="540">
<subfield code="a">This material may be used for personal, research and educational purposes only. Any other use without prior authorization is prohibited. Please contact the Leo Baeck Institute at lbaeck@lbi.cjh.org for further information.</subfield>
</datafield>
<datafield ind1=" " ind2=" " tag="546">
<subfield code="a">English</subfield>
</datafield>
<datafield ind1=" " ind2=" " tag="561">
<subfield code="a">The original copy of this item belonged to Ulli Hirsch, a religious Zionist whose essay "Our Spirit" is featured in the Almanac. His essay "Our spirit" has handwritten annotations in pencil.</subfield>
</datafield>
<datafield ind1=" " ind2=" " tag="561">
<subfield code="a">Originally part of the Julius and Elisabeth Hirsch Family Collection, AR 25585.</subfield>
</datafield>
<datafield ind1=" " ind2=" " tag="561">
<subfield code="a">Part of the Camp Hutchinson and Gwyrch Castle collection.</subfield>
</datafield>
<datafield ind1=" " ind2=" " tag="590">
<subfield code="a">Hirsch items on short term loan to the Leo Baeck Institute from Dan Wyman.</subfield>
</datafield>
<datafield ind1=" " ind2=" " tag="583">
<subfield code="a">Cataloging</subfield>
<subfield code="c">20140128</subfield>
<subfield code="k">tb</subfield>
</datafield>
<datafield ind1=" " ind2=" " tag="583">
<subfield code="a">Digitized</subfield>
<subfield code="c">20140219</subfield>
<subfield code="k">Eric Fritzler</subfield>
<subfield code="x">Digitized by Gruss Lipper lab, ingested, made available at access.cjh.org</subfield>
</datafield>
<datafield ind1="2" ind2="0" tag="610">
<subfield code="a">Hutchinson Internment Camp (Douglas, Isle of Man)</subfield>
<subfield code="v">Periodicals</subfield>
</datafield>
<datafield ind1=" " ind2="0" tag="650">
<subfield code="a">Concentration camps</subfield>
<subfield code="z">Great Britain</subfield>
<subfield code="v">Periodicals</subfield>
</datafield>
<datafield ind1=" " ind2="0" tag="650">
<subfield code="a">World War, 1939-1945</subfield>
<subfield code="x">Prisoners and prisons, British</subfield>
<subfield code="v">Periodicals</subfield>
</datafield>
<datafield ind1=" " ind2="0" tag="650">
<subfield code="a">Prisoners of war</subfield>
<subfield code="z">Great Britain</subfield>
<subfield code="v">Periodicals</subfield>
</datafield>
<datafield ind1=" " ind2="0" tag="650">
<subfield code="a">Jewish refugees</subfield>
<subfield code="z">Great Britain</subfield>
<subfield code="v">Periodicals</subfield>
</datafield>
<datafield ind1=" " ind2="0" tag="650">
<subfield code="a">Expatriate artists</subfield>
<subfield code="z">Great Britain</subfield>
<subfield code="v">Periodicals</subfield>
</datafield>
<datafield ind1=" " ind2="0" tag="650">
<subfield code="a">Periodicals</subfield>
<subfield code="z">Isle of Man</subfield>
</datafield>
<datafield ind1=" " ind2="0" tag="650">
<subfield code="a">Periodicals</subfield>
<subfield code="z">Isle of Man</subfield>
<subfield code="z">Douglas</subfield>
</datafield>
<datafield ind1=" " ind2="0" tag="650">
<subfield code="a">Periodicals</subfield>
<subfield code="z">England</subfield>
</datafield>
<datafield ind1=" " ind2="0" tag="650">
<subfield code="a">English-language periodicals</subfield>
<subfield code="2">cjh</subfield>
</datafield>
<datafield ind1=" " ind2="0" tag="650">
<subfield code="a">Jewish periodicals</subfield>
</datafield>
<datafield ind1=" " ind2="0" tag="651">
<subfield code="a">Douglas (Isle of Man)</subfield>
</datafield>
<datafield ind1=" " ind2="0" tag="651">
<subfield code="a">Isle of Man</subfield>
</datafield>
<datafield ind1=" " ind2="0" tag="655">
<subfield code="a">Almanacs</subfield>
<subfield code="2">rbgenr</subfield>
</datafield>
<datafield ind1=" " ind2="7" tag="655">
<subfield code="a">Newsletters</subfield>
<subfield code="2">cjh</subfield>
</datafield>
<datafield ind1=" " ind2="7" tag="655">
<subfield code="a">Hand-colored illustrations</subfield>
<subfield code="2">local</subfield>
</datafield>
<datafield ind1=" " ind2="7" tag="655">
<subfield code="a">Artists' illustrated books</subfield>
<subfield code="2">cjh</subfield>
</datafield>
<datafield ind1=" " ind2="7" tag="655">
<subfield code="a">Periodicals</subfield>
<subfield code="2">cjh</subfield>
</datafield>
<datafield ind1="1" ind2=" " tag="700">
<subfield code="a">Kahn, Erich</subfield>
<subfield code="d">1904-1980</subfield>
</datafield>
<datafield ind1="1" ind2=" " tag="700">
<subfield code="a">Uhlman, Fred</subfield>
</datafield>
<datafield ind1="1" ind2=" " tag="700">
<subfield code="a">Corvin, M.</subfield>
<subfield code="q">(Michael)</subfield>
</datafield>
<datafield ind1="1" ind2=" " tag="700">
<subfield code="a">Feuchtwang, W. G.</subfield>
<subfield code="q">(Wilhelm G.)</subfield>
</datafield>
<datafield ind1="1" ind2=" " tag="700">
<subfield code="a">Schwitters, Ernst</subfield>
</datafield>
<datafield ind1="1" ind2=" " tag="700">
<subfield code="a">Schwitters, Kurt,</subfield>
<subfield code="d">1887-1948</subfield>
</datafield>
<datafield ind1="1" ind2=" " tag="700">
<subfield code="a">Hirsch, Julius Esaias Friedekomm,</subfield>
<subfield code="d">1916-1996</subfield>
</datafield>
<datafield ind1="1" ind2=" " tag="700">
<subfield code="a">Hirsch, Julius Esaias Friedekomm,</subfield>
<subfield code="d">1916-1996</subfield>
<subfield code="e">former owner</subfield>
</datafield>
<datafield ind1=" " ind2="0" tag="830">
<subfield code="a">Camp (Hutchinson Internment Camp (Douglas, Isle of Man))</subfield>
<subfield code="v">No. 13-14 (December 1940)</subfield>
</datafield>
<datafield ind1=" " ind2=" " tag="852">
<subfield code="a">Leo Baeck Institute</subfield>
<subfield code="b">LBI Library</subfield>
<subfield code="e">15 West 16th Street, New York, NY 10011</subfield>
<subfield code="n">nyu</subfield>
<subfield code="u">http://www.lbi.org</subfield>
</datafield>
<datafield ind1=" " ind2=" " tag="094">
<subfield code="a">004594816</subfield>
</datafield>
<datafield ind1=" " ind2="1" tag="264">
<subfield code="a">Douglas, I. o. M.</subfield>
<subfield code="b">Published in Hutchinson Camp]</subfield>
<subfield code="c">[1940]</subfield>
</datafield>
<datafield ind1=" " ind2=" " tag="336">
<subfield code="a">text</subfield>
<subfield code="2">rdacontent</subfield>
</datafield>
<datafield ind1=" " ind2=" " tag="337">
<subfield code="a">computer</subfield>
<subfield code="2">rdamedia</subfield>
</datafield>
<datafield ind1=" " ind2=" " tag="338">
<subfield code="a">online resource</subfield>
<subfield code="2">rdacarrier</subfield>
</datafield>
<datafield ind2=" " ind1=" " tag="856"><subfield code="u">http://digital.cjh.org/webclient/DeliveryManager?pid=1980036&amp;custom_att_2=simple_viewer</subfield></datafield><datafield ind2=" " ind1=" " tag="856"><subfield code="x">
				http://digital.cjh.org/webclient/DeliveryManager?pid=1980115</subfield></datafield><datafield ind2=" " ind1=" " tag="856"><subfield code="x">
				http://digital.cjh.org/webclient/DeliveryManager?pid=1980116</subfield></datafield><datafield ind2=" " ind1=" " tag="856"><subfield code="x">
				http://digital.cjh.org/webclient/DeliveryManager?pid=1980117</subfield></datafield><datafield ind2=" " ind1=" " tag="856"><subfield code="x">
				http://digital.cjh.org/webclient/DeliveryManager?pid=1980118</subfield></datafield><datafield ind2=" " ind1=" " tag="856"><subfield code="x">
				http://digital.cjh.org/webclient/DeliveryManager?pid=1980119</subfield></datafield><datafield ind2=" " ind1=" " tag="856"><subfield code="x">
				http://digital.cjh.org/webclient/DeliveryManager?pid=1980120</subfield></datafield><datafield ind2=" " ind1=" " tag="856"><subfield code="x">
				http://digital.cjh.org/webclient/DeliveryManager?pid=1980121</subfield></datafield><datafield ind2=" " ind1=" " tag="856"><subfield code="x">
				http://digital.cjh.org/webclient/DeliveryManager?pid=1980122</subfield></datafield><datafield ind2=" " ind1=" " tag="856"><subfield code="x">
				http://digital.cjh.org/webclient/DeliveryManager?pid=1980123</subfield></datafield><datafield ind2=" " ind1=" " tag="856"><subfield code="x">
				http://digital.cjh.org/webclient/DeliveryManager?pid=1980124</subfield></datafield><datafield ind2=" " ind1=" " tag="856"><subfield code="x">
				http://digital.cjh.org/webclient/DeliveryManager?pid=1980125</subfield></datafield><datafield ind2=" " ind1=" " tag="856"><subfield code="x">
				http://digital.cjh.org/webclient/DeliveryManager?pid=1980126</subfield></datafield><datafield ind2=" " ind1=" " tag="856"><subfield code="x">
				http://digital.cjh.org/webclient/DeliveryManager?pid=1980127</subfield></datafield><datafield ind2=" " ind1=" " tag="856"><subfield code="x">
				http://digital.cjh.org/webclient/DeliveryManager?pid=1980128</subfield></datafield><datafield ind2=" " ind1=" " tag="856"><subfield code="x">
				http://digital.cjh.org/webclient/DeliveryManager?pid=1980129</subfield></datafield><datafield ind2=" " ind1=" " tag="856"><subfield code="x">
				http://digital.cjh.org/webclient/DeliveryManager?pid=1980130</subfield></datafield><datafield ind2=" " ind1=" " tag="856"><subfield code="x">
				http://digital.cjh.org/webclient/DeliveryManager?pid=1980131</subfield></datafield><datafield ind2=" " ind1=" " tag="856"><subfield code="x">
				http://digital.cjh.org/webclient/DeliveryManager?pid=1980132</subfield></datafield><datafield ind2=" " ind1=" " tag="856"><subfield code="x">
				http://digital.cjh.org/webclient/DeliveryManager?pid=1980133</subfield></datafield><datafield ind2=" " ind1=" " tag="856"><subfield code="x">
				http://digital.cjh.org/webclient/DeliveryManager?pid=1980134</subfield></datafield><datafield ind2=" " ind1=" " tag="856"><subfield code="x">
				http://digital.cjh.org/webclient/DeliveryManager?pid=1980135</subfield></datafield><datafield ind2=" " ind1=" " tag="856"><subfield code="x">
				http://digital.cjh.org/webclient/DeliveryManager?pid=1980136</subfield></datafield><datafield ind2=" " ind1=" " tag="856"><subfield code="x">
				http://digital.cjh.org/webclient/DeliveryManager?pid=1980137</subfield></datafield><datafield ind2=" " ind1=" " tag="856"><subfield code="x">
				http://digital.cjh.org/webclient/DeliveryManager?pid=1980138</subfield></datafield><datafield ind2=" " ind1=" " tag="856"><subfield code="x">
				http://digital.cjh.org/webclient/DeliveryManager?pid=1980139</subfield></datafield><datafield ind2=" " ind1=" " tag="856"><subfield code="x">
				http://digital.cjh.org/webclient/DeliveryManager?pid=1980140</subfield></datafield><datafield ind2=" " ind1=" " tag="856"><subfield code="x">
				http://digital.cjh.org/webclient/DeliveryManager?pid=1980141</subfield></datafield><datafield ind2=" " ind1=" " tag="856"><subfield code="x">
				http://digital.cjh.org/webclient/DeliveryManager?pid=1980142</subfield></datafield><datafield ind2=" " ind1=" " tag="856"><subfield code="x">
				http://digital.cjh.org/webclient/DeliveryManager?pid=1980143</subfield></datafield><datafield ind2=" " ind1=" " tag="856"><subfield code="x">
				http://digital.cjh.org/webclient/DeliveryManager?pid=1980144</subfield></datafield><datafield ind2=" " ind1=" " tag="856"><subfield code="x">
				http://digital.cjh.org/webclient/DeliveryManager?pid=1980145</subfield></datafield><datafield ind2=" " ind1=" " tag="856"><subfield code="x">
				http://digital.cjh.org/webclient/DeliveryManager?pid=1980146</subfield></datafield><datafield ind2=" " ind1=" " tag="856"><subfield code="x">
				http://digital.cjh.org/webclient/DeliveryManager?pid=1980147</subfield></datafield><datafield ind2=" " ind1=" " tag="856"><subfield code="x">
				http://digital.cjh.org/webclient/DeliveryManager?pid=1980148</subfield></datafield><datafield ind2=" " ind1=" " tag="856"><subfield code="x">
				http://digital.cjh.org/webclient/DeliveryManager?pid=1980149</subfield></datafield><datafield ind2=" " ind1=" " tag="856"><subfield code="x">
				http://digital.cjh.org/webclient/DeliveryManager?pid=1980150</subfield></datafield><datafield ind2=" " ind1=" " tag="856"><subfield code="x">
				http://digital.cjh.org/webclient/DeliveryManager?pid=1980151</subfield></datafield><datafield ind2=" " ind1=" " tag="856"><subfield code="x">
				http://digital.cjh.org/webclient/DeliveryManager?pid=1980152</subfield></datafield><datafield ind2=" " ind1=" " tag="856"><subfield code="x">
				http://digital.cjh.org/webclient/DeliveryManager?pid=1980153</subfield></datafield><datafield ind2=" " ind1=" " tag="856"><subfield code="x">
				http://digital.cjh.org/webclient/DeliveryManager?pid=1980391</subfield></datafield></record></metadata></record>