<record><header><identifier>oai:digital.cjh.org:1956305</identifier><datestamp>2015-03-10T18:40:46Z</datestamp><setSpec>LBI_periodicals</setSpec></header><metadata>
<record xmlns="http://www.loc.gov/MARC21/slim" xmlns:xsi="http://www.w3.org/2001/XMLSchema-instance" xsi:schemaLocation="http://www.loc.gov/MARC21/slim http://www.loc.gov/standards/marcxml/schema/MARC21slim.xsd">
<leader>05604nas a2200565 a 4500</leader>
<controlfield tag="FMT">SE</controlfield>
<controlfield tag="001">000356468</controlfield>
<controlfield tag="005">20130304105930.0</controlfield>
<controlfield tag="008">080829d19361937gw br p s     0    0ger d</controlfield>
<datafield ind1=" " ind2=" " tag="040">
<subfield code="a">NNLBI</subfield>
</datafield>
<datafield ind1="0" ind2=" " tag="041">
<subfield code="a">ger</subfield>
</datafield>
<datafield ind1=" " ind2=" " tag="050">
<subfield code="a">DS 135 G4 B48</subfield>
</datafield>
<datafield ind1="0" ind2="0" tag="245">
<subfield code="a">Jüdisches Gemeindeblatt für Beuthen, Gleiwitz, Hindenburg.</subfield>
</datafield>
<datafield ind1="1" ind2="3" tag="246">
<subfield code="i">Title varies:</subfield>
<subfield code="a">Jüdisches Gemeindeblatt für Peiskretscham, Tost, Rosenberg, Cosel, Oberglogau, Beuthen, Gr. Strehlitz, Gleiwitz, Leobschütz, Hindenburg</subfield>
<subfield code="f">Jahrg. 2, Nr. 6 (25. März 1937)</subfield>
</datafield>
<datafield ind1="1" ind2="3" tag="246">
<subfield code="i">Title varies:</subfield>
<subfield code="a">Jüdisches Gemeindeblatt für Kreuzburg, Rosenberg, Peiskretscham, Tost, Rosenberg, Cosel, Oberglogau, Beuthen, Gr. Strehlitz, Gleiwitz, Leobschütz, Hindenburg</subfield>
<subfield code="f">Jahrg. 2, Nr. 7 (8. April 1937)-Jg. 2, Nr. 8 (22. April 1937)</subfield>
</datafield>
<datafield ind1=" " ind2=" " tag="260">
<subfield code="a">Gleiwitz :</subfield>
<subfield code="b">Verlag und Schriftl.: H. Buky,</subfield>
<subfield code="c">1936-1937.</subfield>
</datafield>
<datafield ind1=" " ind2=" " tag="300">
<subfield code="a">1 online resource (volumes)</subfield>
</datafield>
<datafield ind1=" " ind2=" " tag="310">
<subfield code="a">Twice a month</subfield>
</datafield>
<datafield ind1="0" ind2=" " tag="362">
<subfield code="a">[Jahrg. 1], Nr. 8 (27. Juli 1936)-Jg. 2, Nr. 8 (22. April 1937)</subfield>
</datafield>
<datafield ind1=" " ind2=" " tag="500">
<subfield code="a">Continues: Jüdisches Gemeindeblatt zu Gleiwitz ([Jahrg. 1,] Nr. 1 (6. April 1936)-Nr. 7 (9. Juli 1936)).</subfield>
</datafield>
<datafield ind1=" " ind2=" " tag="520">
<subfield code="a">The Jüdisches Gemeindeblatt zu Gleiwitz (Jewish community newsletter of Gliwice, Poland) was founded in 1936 by Herbert Buky, a Jewish journalist. Its first print run was for 700 issues but it increased 1800 issues by 1938 as the newsletter expanded to include all of Upper Silesia. The head of the synagogue community in Gleiwitz wrote in the first issue that the need for a local Jewish newsletter became dire the late 1930s because Jewish announcements were no longer being published in local papers. This newsletter contains a wealth of information about Jewish life in Gleiwitz at that time, including information about local events, birth, death and marriage announcements, and important times for community buildings such as the library and synagogue. Many pages contain advertisements for Jewish-owned businesses, which housewives were encouraged to shop from (Nummer 5, p. 10). There are many articles that present the increasingly desperate situation of Jewish communities, including news about immigration or the ban of Jewish children from German schools. Herbert Buky, the editor, was interned in Buchenwald in 1939 and later immigrated to Shanghai and then the US. The Leo Baeck Institute holds his archival collection.</subfield>
</datafield>
<datafield ind1=" " ind2=" " tag="546">
<subfield code="a">German</subfield>
</datafield>
<datafield ind1=" " ind2=" " tag="500">
<subfield code="a">Continued by: Jüdisches Gemeindeblatt für Oberschlesien (Jahrg. 2, Nr. 9 (13. Mai 1937)-Jg. 3 (1938)).</subfield>
</datafield>
<datafield ind1=" " ind2=" " tag="500">
<subfield code="a">Title varies. Issue Jg. 2, Nr. 6 (25. März 1937) has the title: Jüdisches Gemeindeblatt für Peiskretscham, Tost, Rosenberg, Cosel, Oberglogau, Beuthen, Gr. Strehlitz, Gleiwitz, Leobschütz, Hindenburg; issues Jg. 2, Nr. 7-8 (1937) have the title: Jüdisches Gemeindeblatt für Kreuzburg, Rosenberg, Peiskretscham, Tost, Rosenberg, Cosel, Oberglogau, Beuthen, Gr. Strehlitz, Gleiwitz, Leobschütz, Hindenburg.</subfield>
</datafield>
<datafield ind1=" " ind2=" " tag="500">
<subfield code="a">Mimeographed.</subfield>
</datafield>
<datafield ind1=" " ind2="0" tag="650">
<subfield code="a">Jews</subfield>
<subfield code="z">Poland</subfield>
<subfield code="z">Gliwice</subfield>
<subfield code="v">Periodicals.</subfield>
</datafield>
<datafield ind1=" " ind2="0" tag="650">
<subfield code="a">Jews</subfield>
<subfield code="z">Poland</subfield>
<subfield code="z">Bytom</subfield>
<subfield code="v">Periodicals.</subfield>
</datafield>
<datafield ind1=" " ind2="0" tag="650">
<subfield code="a">Jews</subfield>
<subfield code="z">Silesia, Upper (Poland and Czech Republic)</subfield>
<subfield code="v">Periodicals.</subfield>
</datafield>
<datafield ind1=" " ind2="0" tag="650">
<subfield code="a">Jews</subfield>
<subfield code="z">Poland</subfield>
<subfield code="z">Zabrze</subfield>
<subfield code="v">Periodicals.</subfield>
</datafield>
<datafield ind1=" " ind2="0" tag="650">
<subfield code="a">Jewish periodicals.</subfield>
</datafield>
<datafield ind1=" " ind2="0" tag="650">
<subfield code="a">German-language periodicals</subfield>
<subfield code="5">CJH</subfield>
</datafield>
<datafield ind1=" " ind2="0" tag="650">
<subfield code="a">Periodicals</subfield>
<subfield code="z">Poland</subfield>
<subfield code="z">Gliwice.</subfield>
</datafield>
<datafield ind1=" " ind2="7" tag="655">
<subfield code="a">Periodicals</subfield>
<subfield code="2">cjh</subfield>
</datafield>
<datafield ind1=" " ind2="7" tag="655">
<subfield code="a">Newspapers</subfield>
<subfield code="2">cjh</subfield>
</datafield>
<datafield ind1="1" ind2=" " tag="700">
<subfield code="a">Buky, Herbert,</subfield>
<subfield code="d">1901-</subfield>
</datafield>
<datafield ind1="0" ind2="0" tag="780">
<subfield code="a">Jüdisches Gemeindeblatt zu Gleiwitz ([Jahrg. 1], Nr. 1 (6. April 1936)-[Jg. 1], Nr. 7 (9. Juli 1936))</subfield>
</datafield>
<datafield ind1="0" ind2="0" tag="785">
<subfield code="a">Jüdisches Gemeindeblatt für Oberschlesien (Jahrg. 2, Nr. 9 (13. Mai 1937)-Jg. 3 (1938))</subfield>
</datafield>
<datafield ind1=" " ind2=" " tag="852">
<subfield code="a">Leo Baeck Institute</subfield>
<subfield code="b">LBI Library</subfield>
<subfield code="e">15 West 16th Street, New York, NY 10011</subfield>
<subfield code="h">B431.2</subfield>
</datafield>
<datafield ind1=" " ind2=" " tag="094">
<subfield code="a">B431.2</subfield>
</datafield>
<datafield ind1=" " ind2=" " tag="336">
<subfield code="a">text</subfield>
<subfield code="2">rdacontent</subfield>
</datafield>
<datafield ind1=" " ind2=" " tag="337">
<subfield code="a">computer</subfield>
<subfield code="2">rdamedia</subfield>
</datafield>
<datafield ind1=" " ind2=" " tag="338">
<subfield code="a">online resource</subfield>
<subfield code="2">rdacarrier</subfield>
</datafield>
<datafield ind1=" " ind2=" " tag="SID">
<subfield code="a">Z39</subfield>
<subfield code="b">ALEPH_Z39</subfield>
</datafield>
<datafield ind2=" " ind1=" " tag="856"><subfield code="u">http://digital.cjh.org/webclient/DeliveryManager?pid=1956305&amp;custom_att_2=simple_viewer</subfield></datafield><datafield ind2=" " ind1=" " tag="856"><subfield code="x">
				http://digital.cjh.org/webclient/DeliveryManager?pid=1956306</subfield></datafield></record></metadata></record>