<record><header><identifier>oai:digital.cjh.org:2239503</identifier><datestamp>2015-03-10T18:40:46Z</datestamp><setSpec>LBI_periodicals</setSpec></header><metadata>
<record xmlns="http://www.loc.gov/MARC21/slim" xmlns:xsi="http://www.w3.org/2001/XMLSchema-instance" xsi:schemaLocation="http://www.loc.gov/MARC21/slim http://www.loc.gov/standards/marcxml/schema/MARC21slim.xsd">
<leader>04113nas a2200613 i 4500</leader>
<controlfield tag="FMT">SE</controlfield>
<controlfield tag="001">004589130</controlfield>
<controlfield tag="003">NyNyCJH</controlfield>
<controlfield tag="005">20140527111203.0</controlfield>
<controlfield tag="008">060205d19331939gw mr p s     0    0ger d</controlfield>
<datafield ind1=" " ind2=" " tag="040">
<subfield code="a">NNLBI</subfield>
<subfield code="e">rda</subfield>
<subfield code="d">UtOrBLW</subfield>
</datafield>
<datafield ind1="0" ind2=" " tag="041">
<subfield code="a">ger</subfield>
</datafield>
<datafield ind1=" " ind2=" " tag="050">
<subfield code="a">HS 2226 K8 A4</subfield>
</datafield>
<datafield ind1="2" ind2=" " tag="110">
<subfield code="a">Jüdischer Kulturbund</subfield>
</datafield>
<datafield ind1="1" ind2="0" tag="245">
<subfield code="a">Monatsblätter /</subfield>
<subfield code="c">Kulturbund Deutscher Juden.</subfield>
</datafield>
<datafield ind1="1" ind2="3" tag="246">
<subfield code="a">Monatsblätter / Jüdischer Kulturbund Berlin</subfield>
<subfield code="f">(Jahrgang 3, Heft 5 (Mai 1935)-Jahrgang 6, Heft 12 (Dez. 1938))</subfield>
</datafield>
<datafield ind1="1" ind2="3" tag="246">
<subfield code="a">Monatsblätter des Jüdischen Kulturbundes in Deutschland</subfield>
<subfield code="f">(Jahrgang 7, Heft 1 (Jan. 1939)-Jahrgang. 7, [Heft 8?] ([Aug.?] 1939))</subfield>
</datafield>
<datafield ind1="1" ind2="3" tag="246">
<subfield code="a">Jüdischer Kulturbund Berlin Monatsblätter</subfield>
<subfield code="f">(Jahrgang 3, Heft 5 (Mai 1935)- )</subfield>
</datafield>
<datafield ind1="1" ind2="3" tag="246">
<subfield code="a">Kulturbund Deutscher Juden Monatsblätter</subfield>
<subfield code="f">(Jahrgang 1, Heft 1 (Oktober 1933)-Jahrgang 3, Heft 4 (April 1935))</subfield>
</datafield>
<datafield ind1=" " ind2=" " tag="300">
<subfield code="a">1 online resource (6 volumes)</subfield>
</datafield>
<datafield ind1=" " ind2=" " tag="310">
<subfield code="a">Monthly</subfield>
</datafield>
<datafield ind1="0" ind2=" " tag="362">
<subfield code="a">Jahrgang 1, Heft 1 (Oktober 1933)-Jahrgang 7, [Heft 8?] ([August?] 1939).</subfield>
</datafield>
<datafield ind1=" " ind2=" " tag="500">
<subfield code="a">Publisher varies. With Jahrgang 3 (1935), published by Verlag Schmoller &amp; Gordon.</subfield>
</datafield>
<datafield ind1=" " ind2=" " tag="500">
<subfield code="a">Edited by Julius Bab.</subfield>
</datafield>
<datafield ind1=" " ind2=" " tag="520">
<subfield code="a">Jüdischer Kulturbund (German for "Jewish cultural association") was a "German Jewish organization founded in Berlin in May 1933 when the National Socialist regime dismissed Jewish high school teachers, artists, and authors from their positions and excluded all Jews from German cultural life. The Juedischer Kulturbund was initiated by Kurt Baumann, a young theater director, and directed by Kurt Singer, who was a physician and a musician and a director of the Berlin Opera. Singer engaged some good Jewish artists to perform and also organized a series of lectures on scientific subjects. Their existence was accepted by the Gestapo only after the words 'German Jews' were eliminated from its title and their activities were under Nazi scrutiny. The Juedischer Kulturbund devoted itself to extensively spreading interest in Jewish art and culture in spite of the Nazi persecution and worked to secure continued cultural activity by providing funds from the resources of its members and through the communities themselves. Evidently the work of the Juedischer Kulturbund largely helped to maintain a closely knit Jewish population and awaken a love for the land of Israel by promoting Zionist ideas." (Source: Ansbacher, B. Mordechai, and Michael Berenbaum. "Juedischer Kulturbund." Encyclopaedia Judaica. Ed. Michael Berenbaum and Fred Skolnik. 2nd ed. Vol. 11. Detroit: Macmillan Reference USA, 2007. 570. Gale Virtual Reference Library. Web. 24 July 2013.)</subfield>
</datafield>
<datafield ind1=" " ind2=" " tag="546">
<subfield code="a">German</subfield>
</datafield>
<datafield ind1="2" ind2="0" tag="610">
<subfield code="a">Jüdischer Kulturbund</subfield>
<subfield code="v">Periodicals.</subfield>
</datafield>
<datafield ind1=" " ind2="0" tag="650">
<subfield code="a">Jews in the performing arts</subfield>
<subfield code="z">Germany</subfield>
<subfield code="z">Berlin</subfield>
<subfield code="v">Periodicals.</subfield>
</datafield>
<datafield ind1=" " ind2="0" tag="650">
<subfield code="a">Jewish theater</subfield>
<subfield code="z">Germany</subfield>
<subfield code="z">Berlin</subfield>
<subfield code="v">Periodicals.</subfield>
</datafield>
<datafield ind1=" " ind2="0" tag="650">
<subfield code="a">Jews</subfield>
<subfield code="z">Germany</subfield>
<subfield code="z">Berlin</subfield>
<subfield code="x">Intellectual life</subfield>
<subfield code="v">Periodicals.</subfield>
</datafield>
<datafield ind1=" " ind2="0" tag="650">
<subfield code="a">Jewish periodicals.</subfield>
</datafield>
<datafield ind1=" " ind2="0" tag="650">
<subfield code="a">Periodicals</subfield>
<subfield code="z">Germany.</subfield>
</datafield>
<datafield ind1=" " ind2="0" tag="650">
<subfield code="a">Periodicals</subfield>
<subfield code="z">Germany</subfield>
<subfield code="z">Berlin.</subfield>
</datafield>
<datafield ind1=" " ind2="0" tag="650">
<subfield code="a">German-language periodicals</subfield>
<subfield code="5">CJH</subfield>
</datafield>
<datafield ind1=" " ind2="7" tag="655">
<subfield code="a">Newsletters</subfield>
<subfield code="2">cjh</subfield>
</datafield>
<datafield ind1=" " ind2="7" tag="655">
<subfield code="a">Periodicals</subfield>
<subfield code="2">cjh</subfield>
</datafield>
<datafield ind1="1" ind2=" " tag="700">
<subfield code="a">Bab, Julius,</subfield>
<subfield code="d">1880-1955</subfield>
</datafield>
<datafield ind1=" " ind2=" " tag="852">
<subfield code="a">Leo Baeck Institute</subfield>
<subfield code="b">LBI Library</subfield>
<subfield code="e">15 West 16th Street , New York, NY 10011</subfield>
<subfield code="h">HS 2226 K8 A4</subfield>
</datafield>
<datafield ind1=" " ind2=" " tag="094">
<subfield code="a">HS 2226 K8 A4</subfield>
</datafield>
<datafield ind1=" " ind2="1" tag="264">
<subfield code="a">Berlin :</subfield>
<subfield code="b">Berthold Levy Verlag,</subfield>
<subfield code="c">1933-[1939?]</subfield>
</datafield>
<datafield ind1=" " ind2=" " tag="336">
<subfield code="a">text</subfield>
<subfield code="2">rdacontent</subfield>
</datafield>
<datafield ind1=" " ind2=" " tag="337">
<subfield code="a">computer</subfield>
<subfield code="2">rdamedia</subfield>
</datafield>
<datafield ind1=" " ind2=" " tag="338">
<subfield code="a">online resource</subfield>
<subfield code="2">rdacarrier</subfield>
</datafield>
<datafield ind1=" " ind2=" " tag="952">
<subfield code="a">NNLBI</subfield>
<subfield code="b">LBIBO</subfield>
<subfield code="h">HS 2226 K8 A4</subfield>
</datafield>
<datafield ind1=" " ind2=" " tag="SID">
<subfield code="a">Z39</subfield>
<subfield code="b">ALEPH_Z39</subfield>
</datafield>
<datafield ind2=" " ind1=" " tag="856"><subfield code="u">http://digital.cjh.org/webclient/DeliveryManager?pid=2239503&amp;custom_att_2=simple_viewer</subfield></datafield><datafield ind2=" " ind1=" " tag="856"><subfield code="x">
				http://digital.cjh.org/webclient/DeliveryManager?pid=2239502</subfield></datafield></record></metadata></record></ListRecords></OAI-PMH> 